1872 3089
110 43 138 85 66
397 48 415 78 o.
425 29 606 78 smnnsrromsrr

110 149 210 190 munitum
220 150 271 199 erat,
286 147 362 187 nullius
373 147 459 187 idoneae
468 147 499 187 rei
509 160 579 200 egens,
590 147 651 188 armis
662 147 753 201 virisque
764 148 887 201 opulentum.

87 220 174 272 2igitur
193 218 291 259 Metellus
312 230 349 271 pro
368 219 460 271 tempore
483 218 545 270 atque
564 218 609 257 loeo
630 217 708 272 paratis
730 218 793 259 rebus
816 220 889 258 anneta

110 290 190 330 moenia
201 288 293 329 exercitu
305 287 444 336 circumvenit,
460 287 535 340 legatis
550 288 637 340 imperat
652 288 686 327 uhi
697 288 784 340 quisque
800 290 888 328 ouraret.

87 360 185 400 3deinde
207 359 264 411 signo
286 359 333 398 dato
348 358 439 410 undique
455 357 516 398 simul
535 358 611 398 elamor
629 358 703 411 ingens
722 358 791 398 oritur.
822 371 889 411 neque

111 443 136 470 ea
150 443 184 469 res
195 428 295 469 Numidas
310 430 384 468 terret:
404 428 478 467 infensi
497 427 611 480 intentique
632 429 675 468 sine
696 428 784 468 tumultu
799 431 889 477 manent,

81 500 210 553 .4proelium
225 498 332 552 incipitur.
362 498 449 538 Romani
470 510 506 551 pro
524 498 607 550 ingenio
630 499 717 551 quisque
739 510 787 552 pars
810 499 889 538 eminus

111 570 187 623 glande
202 571 244 609 aut¹
252 568 355 621 lapidibus
374 580 479 621 pugnare,
499 567 534 607 alii
554 568 666 608 suooedere
686 580 710 608 ao
728 581 810 607 murum
829 568 889 608 modo

112 639 215 679 suffodere
225 639 284 678 modo
295 637 356 678 soalis
367 635 460 690 aggredi,
476 651 552 691 oupere
567 638 668 691 proelium
677 638 698 677 in
709 638 803 678 manibus
814 639 888 679 faeere.

88 717 99 747 a
112 712 183 750 eontra
198 721 223 749 ea
238 707 333 761 oppidani
348 707 370 747 in
384 720 495 761 proxumos
514 720 566 748 saxa
580 708 674 758 volvere,
696 709 753 749 sudis
768 708 815 761 pila,
830 721 888 762 prae-

88 782 170 819 ssterea
184 779 229 832 pioe
245 779 266 817 et
281 777 379 831 sulphure
395 777 476 817 ardenti
490 778 574 817 taedam
588 778 673 818 mixtam
693 779 780 818 mittere.
811 779 849 818 sed
863 792 889 818 ne

111 850 157 889 illos
173 849 261 901 quidem,
277 848 313 901 qui
327 848 399 900 prooul
413 849 537 897 manserant,
553 848 613 887 timor
628 848 690 888 animi
700 849 750 888 satis
765 849 888 888 muniverat.

111 932 159 959 nam
169 919 279 972 plerosque
292 917 360 957 iaoula
370 917 477 958 tormentis
493 919 528 957 aut
537 930 599 957 manu
609 918 683 958 emissa
693 919 828 958 vulnerabant
837 917 890 970 pari-

112 1002 151 1042 que
167 988 257 1042 perioulo
277 989 315 1028 sed
330 987 384 1027 fama
398 988 470 1040 impari
485 987 532 1027 boui
547 989 609 1040 atque
624 988 695 1041 ignavi
710 991 773 1029 erant.

76 1063 100 1098 58
171 1059 225 1098 Dum
240 1058 295 1110 apud
305 1057 388 1097 Zamam
398 1057 427 1096 sio
438 1058 534 1107 certatur,
549 1057 651 1109 Iugurtha
664 1071 692 1097 ex
701 1058 810 1111 improviso
822 1061 889 1098 eastra

112 1128 202 1169 hostium
218 1140 263 1167 oum
273 1139 348 1179 magna
358 1139 420 1166 manu
429 1126 514 1176 invadit,
529 1126 620 1166 remissis
632 1115 667 1180 qui
681 1127 703 1167 in
713 1128 815 1181 praesidio
831 1135 890 1168 erant

113 1201 134 1238 et
148 1198 216 1237 omnia
230 1197 297 1249 magis
312 1208 374 1248 quam
388 1196 487 1249 proelium
507 1198 675 1250 exspectantibus
693 1199 772 1250 portam
790 1197 889 1250 irrumpit.

89 1275 101 1308 2
113 1272 135 1308 at
155 1268 221 1307 nostri
235 1267 341 1319 repentino
356 1269 414 1306 metu
427 1266 518 1319 peroulsi
533 1267 573 1306 sihi
587 1267 673 1319 quisque
688 1281 724 1320 pro
739 1268 828 1307 moribus
844 1280 890 1306 oon-

113 1339 193 1377 sulunt:
213 1336 248 1377 alii
262 1337 335 1388 fugere
355 1336 390 1375 alii
405 1348 461 1375 arma
476 1348 560 1388 capere,
578 1349 653 1388 magna
671 1350 719 1389 pars
738 1337 839 1377 volnerati
854 1339 890 1376 aut

89 1407 179 1448 aoocisi.
210 1407 301 1447 ceterum
318 1419 346 1445 ex
361 1406 415 1445 omni
434 1406 563 1446 multitudine
584 1419 625 1446 non
650 1407 737 1459 amplius
752 1406 889 1458 quadraginta

112 1489 213 1516 memores
239 1476 325 1515 nominis
341 1475 427 1515 Romani
437 1488 502 1527 grege
518 1476 571 1515 faoto
586 1475 653 1514 looum
669 1460 812 1528 oeperepaulo
828 1488 889 1528 quam

113 1547 147 1587 alii
158 1546 264 1586 editiorem
279 1558 346 1598 neque
361 1545 409 1585 inde
423 1557 519 1584 maxuma
534 1545 555 1584 vi
571 1544 647 1597 depelli
662 1546 779 1597 quiverunt,
796 1546 833 1586 sed
849 1546 891 1585 tela

114 1616 192 1655 eminus
207 1615 270 1655 missa
289 1615 407 1664 remittere,
427 1615 488 1666 pauoi
502 1615 523 1653 in
538 1611 631 1667 pluribus
649 1614 715 1654 minus
733 1616 837 1664 frustrare
860 1615 891 1654 sin

77 1718 111 1742 vor
122 1707 180 1742 Zama
192 1717 221 1741 an.
239 1724 262 1731 -
279 1704 349 1740 arellius
368 1724 391 1729 -
409 1714 466 1748 epaon,
502 1705 574 1748 gemein
585 1704 672 1750 kampfen
684 1705 764 1749 wolsten,
776 1705 855 1740 rhokten
868 1715 890 1740 an

77 1766 138 1800 niohts
151 1763 275 1806 enthehrend‚
292 1773 330 1798 was
345 1763 374 1797 ihr
387 1762 467 1797 dienlioh
503 1762 532 1797 die
544 1763 622 1797 Mauern
634 1763 693 1798 heran
705 1774 722 1797 u.
734 1756 781 1798 ssu.

78 1834 120 1858 war.
527 1822 543 1855 5.
556 1824 621 1856 contro
634 1831 660 1864 eo,
674 1831 733 1865 gegen
746 1820 792 1856 diele
801 1820 891 1866 Angriffs·

102 1883 119 1916 2.
129 1878 271 1924 porottsrebas,
284 1877 375 1913 naohdem
383 1888 404 1913 er
416 1877 466 1913 [eine
502 1879 594 1914 veriuohe.

78 1938 237 1981 Vorbereitungen
256 1934 352 1980 getroffen.
365 1955 388 1960 —
400 1938 466 1970 canoto
526 1938 542 1972 6.
555 1937 609 1971 timor
627 1936 695 1979 animi,
714 1937 755 1972 ihre
773 1936 849 1973 Fureht.
868 1955 890 1960 -

77 1995 154 2037 moenia,
174 1994 202 2029 die
220 1993 300 2037 gesamte
313 1992 372 2036 Stadt,
394 1993 413 2028 so
425 1994 467 2028 weit
501 1994 610 2037 introiverat,
623 1994 674 2030 hatte
686 1994 743 2030 ficher
755 1994 832 2037 geltellt.

76 2053 117 2088 ihre
128 2052 282 2095 Feltungsmauer
299 2051 368 2095 wicht,
387 2050 433 2086 allo:
446 2061 466 2086 er

77 2110 154 2156 iohlieJlt
170 2110 198 2145 dle
211 2109 265 2145 Stadt
280 2119 326 2154 enge
343 2109 378 2144 ein.
394 2128 415 2133 —
434 2109 467 2143 ubi
499 2103 501 2107 ’
525 2109 556 2145 58.
571 2094 903 2154 mahalath,nithrenddieuelohe¹

78 2169 154 2212 quisquo
166 2171 245 2210 careret,
258 2179 285 2203 wo
297 2167 350 2211 Jeder
358 2167 467 2202 leinesAm-

77 2231 106 2261 tes
118 2225 185 2262 walton
197 2226 254 2260 lollte.

101 2287 117 2320 3.
130 2284 203 2327 elamor,
224 2283 278 2319 unser
290 2283 409 2319 Hurra-Ruf
426 2295 467 2318 zum

77 2341 154 2386 Angriff.
168 2361 189 2366 -—
202 2351 264 2386 ireque,
278 2343 321 2378 aber
334 2342 391 2380 nieht.
404 2361 427 2366 -
438 2341 466 2376 int-

75 2400 125 2444 fest·
136 2399 242 2444 internique,
261 2411 302 2434 num
314 2400 388 2443 Angriff
399 2398 467 2445 gefallt.

78 2458 151 2492 -sine
170 2457 258 2499 transulta,
276 2458 324 2492 ohne
340 2458 384 2501 J'ede
399 2457 467 2492 Anfre-

77 2526 131 2560 gung.

101 2575 118 2608 4.
128 2583 164 2618 pro
176 2572 252 2618 inpendo
265 2573 347 2617 quisque,
360 2573 396 2617 vgl.
408 2574 436 2608 49.
449 2575 466 2607 4.

78 2651 99 2656 -
113 2631 186 2676 yloade,
198 2632 231 2666 mit
243 2630 359 2676 Bleikugeln.
376 2651 398 2655 -
412 2640 467 2675 proe-

77 2689 123 2723 lium
134 2690 155 2723 in
163 2689 247 2723 marathos
254 2689 322 2732 faeere,
336 2688 436 2733 Gegensatz
444 2701 468 2724 zu

77 2748 148 2782 ernanus
156 2757 247 2791 pappare.
272 2748 312 2792 Die,
328 2747 397 2783 welche
409 2747 467 2782 hand-

502 2167 536 2202 auf
540 2167 611 2202 Waohe
619 2178 687 2211 waren,
695 2168 732 2203 fich
739 2168 771 2203 der
778 2167 831 2203 Ruhe
837 2168 891 2203 hbet-

503 2224 570 2270 liejden.

527 2286 543 2318 2.
553 2293 590 2327 pro
602 2283 689 2326 oloribus,
707 2284 740 2319 wie
753 2285 781 2319 57.
793 2286 851 2328 4pro
863 2283 891 2319 in-

502 2341 560 2385 9eao'o.
582 2361 599 2365 —
624 2341 662 2376 sibi
688 2342 765 2386 quisque
786 2342 892 2387 cousulant,

501 2398 555 2443 jeder
569 2399 625 2435 denkt
637 2411 661 2435 an
673 2399 715 2436 fich.

526 2460 543 2492 3Δ
554 2467 608 2501 prope
618 2458 674 2500 facto,
690 2458 713 2493 [ie
725 2458 810 2493 loharten
822 2458 858 2493 fich
870 2470 893 2493 zu

503 2515 892 2560 einemgeiohlolsenenHaulenzusammen,

503 2572 578 2608 ahnlioh
596 2573 668 2609 unlerm
689 2573 754 2617 Gerre,
779 2573 820 2609 dem
838 2575 892 2609 romi·

502 2631 557 2667 sohen
569 2631 624 2666 orbis.
641 2651 664 2657 -
681 2631 736 2675 quom
752 2630 796 2677 olii,
812 2632 893 2667 ndmlieh

504 2689 609 2725 lactarent.
626 2709 648 2715 -
660 2689 769 2733 frustrari,
780 2689 892 2734 vergeblioh,

504 2748 521 2782 d.
533 2749 545 2783 i.
557 2747 685 2793 fehll‘ohiejlen.
699 2767 722 2772 -
733 2747 769 2789 sio,
782 2757 834 2782 wenn
842 2748 893 2792 aber,
