1872 3089
106 81 147 123 108
391 92 408 122 c.
418 93 599 123 suanusrronrsrr

104 189 161 241 apud
171 190 285 238 dextumos,
301 188 322 228 in
337 189 419 230 sinistra
434 192 493 244 parte
504 190 528 231 A.
542 191 633 231 Manlius
648 203 694 230 cum
709 189 847 229 funditoribus
863 191 884 230 ct

106 258 224 310 sagittariis,
239 262 347 312 praeterea
357 260 444 300 cohortis
454 260 554 313 Ligurum
570 262 659 301 curabat.
689 259 764 313 primos
780 261 802 299 et
815 261 883 300 extre-

73 329 87 363 3
105 341 148 368 mos
160 342 206 368 cum
216 329 320 383 expeditis
330 330 438 383 manipulis
445 330 537 371 tribunos
548 331 656 371 locaverat.
679 329 785 383 perfugae,
795 330 883 369 minume

106 398 148 437 cari
163 406 184 438 et
198 399 304 452 regionum
324 399 470 450 scientissumi,
492 401 581 441 hostium
596 400 636 441 iter
654 399 793 453 explorabant.
824 398 884 439 simul

78 512 80 515 .
106 469 177 508 consul
192 470 250 521 quasi
265 469 321 509 nullo
336 470 430 523 imposito
448 470 515 510 omnia
529 471 644 524 providere,
660 471 715 524 apud
725 469 789 509 omnis
805 470 884 519 adesse,
919 458 923 463 ³

77 541 89 574 4
106 538 192 579 laudare
213 542 234 579 et
253 540 361 592 increpare
381 540 485 581 merentis,
515 541 559 594 ipse
578 542 668 581 armatus
686 540 818 592 intentusque
836 539 885 579 item

106 608 181 648 milites
198 611 291 662 cogebat.
321 623 388 662 neque
404 623 472 660 secus,
492 612 554 663 atque
568 610 609 650 iter
623 611 702 660 facere,
718 611 785 650 castra
800 609 884 658 munire,

107 679 225 718 excubitum
240 680 261 719 in
279 676 349 732 portas
368 680 456 720 cohortis
472 693 499 719 ex
517 680 641 732 legionibus,
659 692 696 733 pro
712 680 786 719 castris
804 679 885 731 equites

107 748 227 788 auxiliarios
248 750 338 798 mittere,
361 754 469 802 praeterea
485 750 534 789 alios
551 763 612 803 super
627 750 704 789 vallum
718 750 740 788 in
755 748 885 788 munimentis

107 818 184 868 locare,
205 819 287 871 vigilias
306 819 351 872 ipse
372 820 488 870 circumire,
507 833 548 859 non
573 824 616 859 tam
636 819 750 858 diffidentia
770 818 816 858 fieri
834 831 886 871 quae

107 887 256 941 imperavisset,
272 902 334 942 quam
348 889 379 928 uti
389 890 486 929 militibus
497 891 624 942 exaequatus
635 901 681 928 cum
691 889 814 942 imperatore
828 888 886 928 labor

79 960 90 994 5
108 958 223 998 volentibus
238 961 299 999 esset.
328 962 349 999 et
360 972 409 999 sane
424 959 502 999 Marius
520 960 597 1012 illoque
612 958 698 1011 aliisque
714 958 838 1011 temporibus
852 957 886 998 Iu·

108 1028 200 1080 gurthini
218 1029 267 1068 belli
287 1029 365 1081 pudore
385 1030 450 1081 magis
473 1042 534 1081 quam
556 1029 609 1068 malo
635 1028 748 1068 exercitum
774 1028 886 1068 coercebat.

108 1098 163 1150 quod
182 1099 241 1138 multi
260 1112 298 1152 per
317 1099 446 1139 ambitionem
465 1098 510 1138 fieri
531 1099 621 1148 aiebant,
639 1110 687 1151 pars
702 1111 715 1138 a
732 1097 820 1151 pueritia
841 1110 886 1138 con-

109 1170 189 1207 suetam
206 1169 302 1208 duritiam
312 1171 334 1208 et
344 1168 389 1218 alia,
405 1181 458 1221 quae
468 1168 533 1208 ceteri
542 1168 635 1208 miserias
645 1170 725 1217 vocant,
739 1166 840 1220 voluptati
852 1167 887 1206 ha·

110 1238 189 1278 buisse:
205 1238 244 1277 nisi
254 1241 323 1278 tamen
331 1252 367 1278 res
377 1238 459 1291 publica
469 1238 546 1291 pariter
557 1251 581 1278 ac
594 1237 719 1278 saevissumo
735 1236 819 1290 imperio
834 1238 887 1276 bene

68 1306 104 1342 101
111 1309 173 1359 atque
189 1308 262 1348 decore
277 1310 342 1359 gesta.
373 1308 438 1360 igitur
458 1310 529 1360 quarto
548 1308 636 1360 denique
653 1307 686 1346 die
705 1307 761 1346 haud
779 1306 840 1358 longe
862 1308 886 1346 ah

111 1377 184 1430 oppido
196 1376 253 1418 Cirta
268 1377 359 1430 undique
374 1377 435 1417 simul
446 1377 585 1430 speculatores
601 1377 636 1416 citi
651 1389 697 1415 sese
706 1365 828 1426 ostendunt,
847 1388 888 1428 qua

74 1537 145 1572 rivoalto
157 1537 234 1582 cymilla,
246 1537 294 1574 nach
302 1537 352 1573 allen
361 1537 423 1573 Seiten
430 1538 463 1572 hin

61 1596 158 1640 ‘gedeckt

99 1656 116 1691 2.
128 1653 180 1697 apoc
192 1653 293 1696 amamus,
305 1653 339 1689 auf
350 1653 391 1688 dem
399 1653 462 1699 tuller-

75 1711 113 1747 [ten
129 1712 205 1747 rechten
224 1711 295 1756 Flagel.
316 1730 337 1736 —
354 1711 426 1755 priores
447 1714 464 1746 et

75 1773 174 1813 eatremos,
197 1781 221 1805 au
244 1771 276 1806 der
295 1769 357 1814 Spitze
377 1769 414 1804 und
435 1780 464 1805 am

75 1827 143 1874 Schlull
156 1828 188 1864 des
200 1829 268 1873 Zuges.

100 1901 117 1935 3.
123 1898 202 1933 oriculae
207 1898 252 1942 cari,
259 1898 323 1942 Lente,
330 1897 359 1933 die
366 1897 465 1942 amvenig·

71 1957 114 2005 ‘lten
127 1961 173 1993 vert
185 1957 223 1992 und
236 1957 282 1993 doch
296 1983 300 1992 .
313 1982 317 1990 .
330 1982 334 1992 .
346 1955 390 1991 lind.
403 1966 464 1991 -ec-

72 2015 183 2060 plorabant,
200 2014 275 2061 mquten
290 2014 464 2049 anskundschaften.

76 2093 100 2099 —
112 2073 166 2118 quasi
178 2073 230 2107 ocello
238 2072 329 2117 iorposito,
342 2072 422 2107 namlich
434 2072 464 2107 fur

71 2132 182 2176 'Belorgung
198 2131 230 2167 der
246 2130 375 2167 Einzelheiten
393 2131 413 2166 in
432 2131 464 2167 der

70 2191 150 2226 'Armes
169 2190 267 2235 termonem,
281 2188 381 2225 aufltellen.
395 2199 464 2224 -·me-

70 2242 139 2292 ‘rantra
152 2249 187 2283 vie
199 2258 219 2284 es
229 2248 283 2293 jeder
295 2248 394 2283 verdiente.

100 2320 118 2356 4.
135 2318 178 2353 item
195 2318 262 2353 milites
281 2318 364 2363 ccpebot,
385 2317 466 2353 namlich

77 2380 158 2411 crrrrctos
177 2377 289 2421 attractosque
309 2387 351 2411 esse.
373 2396 396 2401 -
413 2380 466 2420 atque

75 2435 111 2470 iter
126 2427 193 2480 facere,
211 2452 235 2464 =
253 2438 308 2480 arque
327 2435 363 2469 iter
382 2434 466 2479 faciebat,

76 2493 105 2529 als
124 2504 144 2530 er
165 2493 290 2529 marsohierte.
311 2512 335 2518 -
359 2492 466 2536 tramittam,

72 2552 110 2588 auf
127 2552 156 2587 die
172 2552 248 2589 Waohe.
265 2571 286 2577 -
306 2550 385 2585 cohortis
401 2561 423 2585 ec
443 2550 466 2586 le·

76 2610 172 2655 pinnitus,
189 2621 213 2645 an
228 2611 258 2645 die
270 2609 383 2653 vichtiglten
394 2609 468 2643 Punkte

77 2668 126 2713 legte
150 2679 170 2703 er
190 2667 359 2712 Legionslcldaten.
383 2686 406 2693 -
429 2667 468 2710 ipse

73 2725 185 2770 circomiw,
203 2726 275 2762 machte
291 2725 344 2761 lelhlt
361 2725 389 2761 die
403 2725 468 2761 Runde

72 2785 114 2827 bei.
126 2804 149 2811 -
162 2788 283 2829 exaequatos,
299 2794 352 2820 venn
363 2783 387 2819 fie
400 2783 468 2828 gleich-

499 1536 584 1581 gcmacht
603 1538 658 1571 ware.
672 1554 695 1561 -
711 1534 821 1579 colentibus,
840 1535 888 1571 uach

498 1594 556 1630 ihrem
568 1593 647 1638 Wfflen,
666 1593 683 1631 d.
700 1593 712 1629 i.
731 1593 787 1629 damit
803 1593 826 1629 lic
843 1594 888 1630 vill-

499 1652 582 1697 lahriger
595 1663 627 1687 zur
635 1651 700 1686 Arbeit
711 1654 779 1697 varen,
791 1662 844 1687 venn
853 1656 888 1688 etc.

523 1746 540 1781 5.
556 1744 623 1790 illoque
638 1743 716 1789 aliisque
731 1744 843 1789 tenporibus
855 1744 888 1780 Ic-

499 1803 584 1848 yurtbioi
592 1802 638 1846 belli,
645 1802 665 1837 in
675 1802 742 1845 diesem
749 1802 784 1838 vie
790 1802 809 1837 in
818 1802 889 1838 andern

500 1861 625 1905 Zeitpunkten
632 1859 664 1895 des
670 1860 829 1904 jugurthiniloheu
835 1861 888 1896 Krie·

500 1929 539 1962 ges.
548 1938 571 1944 —
576 1918 654 1962 pudore,
668 1918 725 1953 durch
738 1918 770 1953 das
779 1919 889 1963 Ehrgefiibl,

500 1976 561 2012 indam
581 1977 605 2012 lic
625 1976 645 2012 in
663 1976 773 2012 Arbeitslult
792 1977 843 2013 nicht
866 1989 890 2013 zu

500 2034 596 2071 Sohauden
609 2034 777 2080 werden-volitem
795 2054 817 2060 -
835 2035 888 2080 circlo,

499 2094 540 2130 hier
553 2093 620 2129 Strafe.
633 2113 656 2118 —
668 2092 707 2127 alto
723 2103 770 2138 qliae
783 2112 805 2118 .„
818 2097 889 2138 occant,

499 2152 579 2187 namh'ch
600 2151 656 2198 groJle
677 2151 784 2196 Strapazen.
805 2172 828 2177 -
852 2153 890 2187 atsi

500 2214 567 2254 lairico,
579 2210 615 2255 vgl.
627 2211 657 2246 24.
670 2211 686 2245 5.
706 2209 733 2245 Oh
745 2210 817 2245 Marius
829 2210 847 2246 lo
856 2222 889 2247 aus

501 2269 588 2315 Ehrgeiz,
601 2268 646 2305 oder
658 2278 690 2304 aus
702 2267 891 2313 Lebensgcvohnheit

501 2328 579 2372 gethan,
596 2327 647 2363 kann
659 2326 689 2362 ich
702 2326 754 2362 nicht
766 2327 890 2373 entlcheiden‚

501 2397 554 2421 wenn
569 2386 599 2421 ich
615 2385 665 2420 nicht
675 2384 744 2429 Jedoch
761 2386 793 2420 das
805 2386 891 2431 beifiigen

502 2445 541 2489 roll,
554 2444 589 2490 dall
602 2448 636 2480 etc.
649 2460 672 2472 =
684 2444 776 2488 indeflen,
794 2455 837 2488 mag
849 2445 890 2480 dem

502 2502 540 2538 lein
552 2503 586 2538 vie
597 2503 635 2538 ihm
643 2501 702 2545 volte,
715 2501 747 2537 das
756 2502 891 2539 Gemeinvelen

503 2566 538 2596 etc.
550 2573 573 2586 -·
585 2560 690 2597 saevissimo
702 2559 789 2605 taiperto,
808 2561 827 2595 in
840 2561 891 2597 einer

502 2619 616 2664 Regierung,
637 2629 664 2654 vo
683 2628 725 2654 man
746 2618 775 2654 die
794 2618 891 2663 [treuglten

503 2677 576 2713 Strafen
588 2678 637 2713 ubte.

527 2782 570 2819 101.
596 2786 612 2819 1.
624 2781 666 2825 citt,
684 2781 850 2818 Pradikatozulatz.
869 2801 890 2809 -
