1872 3089
67 82 95 123 62
351 90 480 120 ussurusrr
490 90 559 119 oursrr

42 188 144 241 &equites
161 201 206 229 rem
223 187 393 242 exploravissent.
423 188 486 239 igitur
506 201 542 242 pro
564 189 619 228 metu
638 188 723 241 repente
741 187 839 240 gaudium

65 262 164 308 mutatur,
183 259 258 299 milites
274 258 325 298 alius
342 258 402 298 alium
417 258 467 298 laeti
482 258 593 311 appellant,
612 260 657 299 aeta
672 258 763 298 edocent·
777 260 839 311 atque

66 327 157 378 audiunt,
172 341 209 368 sua
224 328 311 381 quisque
327 328 386 368 fortia
401 327 455 368 faeta
469 328 496 367 ad
507 328 585 368 eaelum
600 328 646 368 fert.
670 328 745 381 quippe
755 340 789 367 res
804 328 839 367 hu-

65 411 137 438 manae
147 399 176 438 ita
186 411 232 438 sese
240 399 325 438 habent:
336 399 357 438 in
364 398 492 439 victorianel
499 399 579 451 ignavis
586 398 669 452 gloriari
676 398 730 448 lieet,
740 398 840 439 advorsae

66 481 100 508 res
115 468 176 508 etiam
191 469 254 509 bonos
270 469 390 508 detrectant.

31 541 55 577 be
125 538 223 577 Metellus
237 539 259 577 in
274 539 352 577 eisdem
367 538 439 577 eastris
461 538 568 591 quatriduo
587 540 677 578 moratus
696 538 775 578 saucios
795 549 840 577 eum

67 621 116 648 eura
130 607 202 658 reficit,
217 608 300 648 meritos
316 608 336 648 in
351 608 434 662 proeliis
449 622 505 649 more
521 609 604 649 militiae
615 609 682 659 donat,
698 609 805 649 univorsos
819 608 841 648 in

67 679 159 719 contione
170 679 241 719 laudat
253 682 315 731 atque
330 679 374 731 agit
388 679 471 731 gratias,
486 679 580 719 hortatur
595 680 621 719 ad
636 682 710 728 cetera,
725 691 777 732 quae
787 677 841 718 levia

67 750 121 797 sunt,
135 761 206 800 parem
221 748 310 788 animum
328 751 413 800 gerant:
433 762 470 801 pro
489 749 573 789 viatoria
593 748 643 789 satis
662 749 701 788 iam
721 754 841 803 pugnatum,

44 818 157 870 ereliquos
173 819 253 858 labores
268 831 305 871 pre
323 819 401 871 praeda
419 819 468 858 fore.
499 822 520 858 et
537 821 605 859 tamen
625 819 705 858 interim
723 820 841 872 transfugas

68 892 89 928 et
103 889 153 929 alios
168 891 298 942 opportunos,
313 889 415 941 Iugurtha
424 890 460 929 ubi
470 889 562 941 gentium
577 891 613 929 aut
627 889 676 942 quid
687 889 781 942 agitaret,
797 903 842 930 eum

67 960 165 1013 paneisne
180 961 236 1000 esset
250 972 276 999 an
291 959 404 999 exereitum
419 960 513 1009 haberet,
528 961 552 999 ut
566 972 612 999 sese
628 960 695 999 vietus
710 963 793 1011 gereret
807 973 842 1000 ex-

45 1030 169 1083 3ploratum
188 1030 249 1069 misit.
279 1029 350 1069 atille
371 1043 417 1068 sese
432 1029 453 1068 in
470 1030 515 1069 loea
530 1030 620 1069 saltuosa
635 1031 746 1083 ettnatnra
765 1029 842 1069 munita
884 1042 887 1047 ’

68 1101 175 1153 reoeperat
189 1099 257 1151 ibique
273 1099 360 1151 cogebat
375 1099 488 1139 exereitum
510 1112 592 1138 numero
608 1099 711 1138 hominum
724 1100 842 1153 ampliorem

69 1170 106 1209 sed
128 1169 224 1209 hebetem
244 1168 397 1221 infirmumque,
419 1169 465 1221 agri
487 1182 511 1209 ao
528 1169 607 1222 peeoris
631 1169 696 1222 magis
715 1182 775 1222 quam
794 1170 843 1210 belli

45 1240 174 1280 toulterem.
202 1240 225 1279 id
240 1253 265 1279 ea
279 1240 346 1291 gratia
361 1239 477 1289 eveniebat,
498 1240 552 1292 quod
572 1242 656 1292 praeter
674 1239 742 1292 regios
763 1241 842 1292 equites

69 1323 127 1350 nemo
148 1309 236 1349 omnium
255 1309 344 1349 Numida
364 1323 391 1349 ex
406 1310 456 1362 fuga
473 1323 544 1362 regem
562 1310 664 1362 sequitur:
688 1323 728 1363 quo
743 1310 842 1365 cuiusque

69 1381 147 1420 animus
158 1381 203 1429 lert,
219 1394 242 1420 eo
253 1380 362 1420 discedunt
377 1393 443 1432 neque
458 1380 480 1419 id
494 1380 594 1432 flagitium
603 1380 688 1420 militiae
699 1381 785 1421 ducitur.
815 1382 843 1422 ita

70 1463 93 1489 se
107 1463 174 1490 mores
190 1451 271 1490 babent.

47 1525 57 1558 5
128 1520 197 1573 Igitur
211 1520 309 1561 Metellus
320 1520 356 1560 ubi
370 1520 428 1560 ridet
442 1520 498 1572 regis
517 1520 578 1560 etiam
595 1523 637 1560 tum
652 1520 740 1561 animum
756 1521 844 1561 feroeem

70 1603 122 1639 esse,
138 1591 212 1630 bellum
227 1592 327 1641 renovari,
343 1591 397 1643 quod
407 1590 447 1630 nisi
457 1603 485 1630 ex
493 1590 548 1630 illius
559 1590 649 1630 lubidine
659 1591 705 1643 geri
719 1604 759 1631 non
769 1594 844 1644 posset,

59 1742 76 1776 8.
99 1743 191 1784 abutatur,
219 1741 264 1776 wird
291 1740 422 1784 eingetaul'obt,
459 1731 846 1776 bruiohkeitunuVernaltniffenbekannt.

35 1798 126 1834 wechlelt.
145 1818 167 1823 -
185 1798 233 1833 aliae
251 1797 309 1833 eliam
323 1797 423 1842 appellent,
459 1818 482 1823 —
494 1801 611 1843 opportaaoa
624 1798 712 1843 geeignet.
725 1818 748 1823 -
759 1798 792 1833 obe·
803 1809 846 1843 qen·

35 1857 88 1893 rufen
108 1856 195 1892 einander
212 1868 240 1893 nu.
262 1876 284 1882 -—
303 1856 375 1901 quippe.
400 1856 423 1891 So
459 1857 505 1891 teum
518 1856 606 1902 aquare,
624 1868 652 1893 wo
669 1868 689 1893 er
701 1857 737 1892 lieh
755 1857 847 1902 anshalte,

36 1917 81 1961 geht
94 1925 114 1951 es
124 1916 145 1960 J'u
157 1916 174 1951 in
188 1915 222 1950 den
234 1915 369 1951 menlohliehen
380 1915 424 1950 Din·
460 1914 505 1959 quid
517 1914 602 1960 euitaret,
615 1926 652 1951 was
665 1926 685 1952 er
697 1916 785 1954 betreibe.

37 1986 77 2025 geu.
84 1994 106 2000 -
115 1974 222 2018 detrectent,
234 1974 299 2010 ziehen
311 1974 374 2019 herab,
387 1984 425 2009 ver·
484 1976 501 2010 3.
509 1973 586 2009 hebetem
594 1973 726 2019 infirmumque,
736 1974 784 2010 ohne
793 1974 847 2011 Kraft

35 2025 125 2070 urthern.
460 2032 847 2078 undwinethariusfahigkeit.-eort-

460 2090 554 2134 cultorem,
573 2091 625 2126 mehr
646 2101 670 2127 an
690 2092 787 2127 Aokerbuu
810 2091 848 2127 und

37 2138 104 2174 b4.bb.
117 2137 235 2174 Vssrfilldffit
240 2136 386 2182 Kl'iflgfiflfflfflg
392 2138 428 2173 auf
461 2149 569 2194 Viehzuoht‚
581 2149 609 2185 als
622 2159 645 2184 an
657 2149 715 2194 Krieg
727 2150 818 2195 gewohnt.

155 2195 223 2233 beiden
234 2196 305 2233 seiten·
485 2209 501 2242 4.
519 2207 541 2242 tu
552 2227 575 2233 -
588 2207 686 2252 eveniebat,
704 2208 751 2254 dies,
769 2208 848 2244 ntmlieh

62 2267 93 2303 54.
107 2270 122 2305 1.
135 2266 241 2311 quatriduo,
255 2267 328 2302 hblatir
337 2266 369 2302 der
377 2266 427 2302 Zeit·
463 2265 498 2312 dall
506 2265 596 2311 Iugurtha
608 2266 644 2301 fieb
656 2267 762 2312 zuruekzog
774 2266 811 2302 und
819 2267 848 2302 ein

38 2327 105 2371 darer,
124 2325 220 2361 innerhalb
235 2325 314 2361 welcher
327 2331 384 2361 etwas
396 2335 427 2370 ge·
462 2336 518 2361 neues
530 2324 581 2361 Heer
595 2325 698 2371 lammelte,
714 2330 752 2361 trat
768 2325 795 2360 als
808 2326 862 2361 not?

37 2385 113 2421 lehieht.
125 2404 148 2411 -
160 2384 239 2428 meritos,
254 2385 279 2419 im
292 2383 393 2429 Gegenlatz
403 2395 427 2419 au
462 2384 543 2428 wendige
555 2384 612 2428 Fulge
625 2395 688 2429 wegen
701 2384 732 2420 des
741 2384 848 2420 Umltandes

38 2444 141 2487 ureieorsos,
154 2443 183 2479 die
196 2442 297 2485 einzelnen,
309 2443 378 2479 welche
390 2443 426 2478 liuh
462 2444 500 2486 ein,
519 2443 560 2479 weil
572 2448 607 2478 eto.
620 2463 643 2468 —
655 2453 677 2477 ea
691 2443 756 2488 gyratio
771 2459 795 2471 =
810 2442 849 2478 eius

38 2504 135 2539 belonders
154 2503 294 2547 ausgereichnet
312 2503 383 2537 hatten.
404 2521 427 2528 —
462 2502 489 2537 rei
512 2502 580 2547 qratia.
601 2522 624 2528 -
644 2512 666 2538 err
685 2502 742 2547 faya,
760 2512 796 2537 von
817 2501 849 2537 der

38 2572 88 2596 neore
103 2561 188 2605 militiae,
207 2561 241 2597 wie
257 2571 276 2597 es
293 2562 317 2596 im
331 2560 426 2596 Soldaten·
462 2561 530 2596 Fluoht
542 2571 583 2605 aus,
603 2561 619 2596 d.
632 2561 644 2597 i.
656 2562 724 2597 wenn’s
736 2573 769 2598 zur
782 2562 850 2598 Fluoht

40 2621 98 2656 dienIt
110 2621 183 2656 Brauoh
195 2621 221 2655 ru.
234 2630 311 2665 —quoe
323 2618 426 2662 zeoieseee,
462 2620 537 2655 kommt.
550 2639 573 2647 —
586 2630 621 2665 quo
633 2620 720 2665 cuiusque
728 2621 850 2665 enimusfee‘t

40 2680 76 2724 vgl.
89 2681 117 2716 38.
131 2681 147 2717 9.
166 2699 186 2704 -
205 2678 284 2724 reliquos
295 2678 376 2721 labores,
395 2678 427 2713 der
463 2679 524 2715 wohin
534 2679 587 2724 jeder
599 2679 642 2714 will.

40 2739 83 2775 Relt
95 2739 127 2774 der
139 2738 295 2783 Anttrengungen.
487 2738 503 2772 5.
516 2737 571 2772 etium
583 2741 627 2782 tuen,
639 2737 687 2773 auch
698 2737 745 2782 J'etzt
761 2737 815 2772 noch.
827 2756 850 2762 -

63 2801 80 2833 2,
92 2797 210 2842 transfugas,
231 2796 301 2833 alsam
314 2795 386 2832 meilten
397 2796 429 2831 mit
464 2806 487 2831 ea
499 2795 586 2839 lebedum,
599 2796 647 2832 nach
660 2796 700 2832 dem
713 2795 805 2832 Belieben.
822 2796 850 2831 Iu·
