1872 3089
262 719 287 768 o.
308 719 462 768 sinnusri
480 718 580 766 oniam

140 850 186 911 DE
205 849 319 911 BELLO
340 847 569 910 [UGURTHINO
589 846 704 910 LIBER.

93 1069 155 1110 Falso
170 1069 262 1122 queritur
278 1069 304 1108 de
318 1045 392 1109 riatura
408 1080 445 1107 sua
460 1080 526 1120 genus
545 1067 665 1117 humanum,
681 1067 736 1120 quod
750 1067 811 1106 imbe-
824 1073 836 1106 1

33 1140 83 1180 oilla
98 1143 160 1192 atque
175 1140 221 1180 aeri
236 1139 305 1179 brevis
321 1140 373 1178 forte
388 1138 455 1192 potius
472 1151 531 1191 quam
550 1138 628 1177 virtute
643 1139 734 1190 regatur.
764 1144 835 1176 namt

34 1212 106 1250 eontra
120 1210 235 1262 reputando
244 1222 311 1261 neque
326 1208 392 1248 maius
408 1208 463 1248 aliud
478 1221 546 1260 neque
561 1207 704 1260 praestabilius
719 1208 812 1247 invenias

35 1279 142 1332 magisque
162 1282 248 1319 naturae
267 1279 388 1318 industriam
408 1277 512 1317 homiuum
532 1290 592 1329 quam
612 1278 654 1317 vim
676 1281 712 1318 aut
732 1280 812 1330 tempus

38 1350 118 1389 deesse.
149 1350 186 1389 sed
205 1350 248 1389 dux
266 1341 328 1401 atque
348 1349 459 1401 imperator
474 1348 529 1387 ritae
545 1347 660 1387 mortalium
679 1348 758 1387 animus
774 1351 836 1388 esna

35 1420 72 1472 qui
86 1420 121 1459 ubi
132 1420 158 1459 ad
168 1419 253 1472 gloriam
269 1419 351 1458 virtutis
367 1418 401 1457 via
415 1419 529 1470 grassatur,
544 1418 625 1457 abunde
640 1417 719 1471 pollens
732 1420 813 1471 potens·

35 1502 77 1541 que
88 1492 109 1528 et
119 1489 186 1529 olaru's
197 1491 229 1528 est
239 1502 304 1541 neque
318 1489 399 1528 fortuna
407 1490 461 1540 eget,
477 1488 551 1541 quippe
562 1488 684 1540 probitatem
692 1487 813 1528 industriam

36 1558 129 1611 aliasque
148 1559 197 1598 artis
213 1560 276 1598 bonas
292 1571 358 1611 neque
380 1558 429 1597 dare
445 1571 512 1610 neque
530 1558 610 1610 eripere
631 1557 726 1613 cuiquam
739 1561 813 1611 potest.

27 1628 69 1667 ain
85 1633 157 1682 eaptus
171 1629 242 1681 pravis
257 1629 385 1681 cupidinibus
401 1629 428 1668 ad
442 1627 537 1667 inertiam
555 1632 576 1667 et
592 1629 707 1681 voluptates
723 1628 838 1681 eorporis4

38 1711 120 1751 pessum
141 1699 201 1739 datus
223 1701 255 1738 est
272 1699 385 1752 perniciosa
408 1698 500 1737 lubidine
522 1697 627 1751 paulisper
645 1710 701 1747 ususy
719 1697 755 1737 ubi
777 1710 815 1751 per

37 1768 151 1808 socordiam
171 1769 226 1808 vires
246 1771 328 1821 tempus
347 1768 452 1820 ingenium
468 1767 585 1816 diffluxere,
607 1773 692 1807 naturae
707 1767 814 1807 infirmitas

120 1916 174 1952 1-5.
194 1918 212 1952 3.
224 1915 342 1959 muloitung,
460 1915 529 1960 riorus,
541 1915 579 1951 und
589 1914 658 1960 infulge
667 1915 733 1952 dolien.
746 1916 809 1952 Daber
818 1917 850 1952 der

62 1976 80 2009 1.
94 1978 110 2009 1.
130 1965 194 2017 Falso,
206 1974 332 2018 irrigerweile.
342 1975 424 2018 —forta
460 1973 546 2010 Weobsei
559 1973 591 2009 des
604 1973 810 2019 Verbiudnugnwortes.
827 1994 850 2000 -

37 2031 233 2077 uiuminativam,
249 2033 276 2069 als
289 2032 389 2077 Gegensatz
402 2044 426 2068 zu
461 2031 513 2075 amir,
526 2031 674 2076 Eigeniobaiten.

36 2089 110 2127 *uiolato
485 2092 502 2125 4.
514 2090 550 2133 sin,
564 2089 664 2134 Gegeusatz
676 2102 700 2126 zu
712 2090 745 2126 der
757 2092 776 2126 in
786 2090 820 2126 ubi
828 2111 849 2117 —

62 2150 78 2183 2.
89 2148 198 2193 reputando,
214 2148 270 2184 durch
286 2148 429 2184 aufmorklames.
461 2153 559 2193 prussoru-
568 2148 806 2193 entbalteuonBedingung.
820 2150 851 2185 siu

38 2206 257 2251 trachiniam-neque
269 2207 330 2242 mairo
338 2206 428 2242 aliudne·
463 2206 857 2251 leitetimmereineBedingungalsGegeu··

37 2264 216 2309 primordialius,
229 2265 378 2308 niehtsanderes‚
390 2275 427 2301 was
462 2264 501 2300 lanz
513 2276 537 2300 zu
553 2265 605 2301 einer
619 2275 804 2310 vorausgegaugenen
816 2265 851 2301 Be-

38 2322 105 2369 grbjler
118 2323 162 2358 oder
174 2322 311 2359 vortrefflioher
323 2327 377 2359 ware.
463 2323 542 2367 diugung
555 2323 590 2358 ein.
607 2343 628 2348 —
643 2323 717 2367 inertia,
730 2323 851 2368 Unlahigkeit

63 2383 80 2417 3.
93 2380 132 2416 dua
143 2384 161 2416 ot
171 2381 283 2431 i'iaperator,⁴
299 2382 373 2416 Fiihrer
390 2382 427 2417 und
462 2381 851 2426 zurArbeit‚voluptatescorporiasinneu·

38 2437 131 2476 Gebieter.
145 2459 165 2465 —
180 2439 212 2483 qui
223 2439 261 2482 abi,
274 2439 311 2474 und
323 2451 350 2475 wo
363 2440 426 2475 dieser.
462 2439 501 2481 nu,
507 2449 580 2483 pessum
588 2439 649 2484 uarius,
662 2440 769 2485 verlonkeu,
779 2441 851 2484 prudis-

39 2515 62 2521 -
69 2500 168 2541 prussoru-
180 2499 223 2540 (von
231 2497 323 2542 prodier),
335 2498 428 2542 mitbezug
460 2507 496 2542 per
507 2507 560 2541 ories,
576 2497 665 2533 naobdem
680 2508 701 2533 er
713 2498 754 2533 eine
766 2497 852 2544 Zeitlang

38 2554 71 2590 aul
82 2554 130 2591 dua:
142 2555 176 2590 auf
187 2554 227 2591 dem
233 2555 290 2600 Wege
304 2555 335 2591 dor
343 2556 428 2601 Tuobtig·
464 2555 554 2600 genoslon.
579 2555 625 2591 nem
633 2556 663 2591 uti
670 2555 752 2591 lubidine
764 2557 809 2600 geht
818 2549 850 2594 dna

38 2611 78 2647 keil
97 2612 223 2660 vorlohreitet.
251 2632 273 2638 -
297 2613 377 2658 pollens,
395 2615 428 2649 mit
463 2614 506 2658 oapi
520 2614 587 2658 pronis
607 2613 725 2658 oiipidiaibos
743 2625 815 2651 vorans.
828 2635 851 2641 -

40 2670 94 2706 Kraft
107 2681 143 2706 von
154 2671 214 2707 Natur
227 2681 260 2709 aus
274 2672 346 2715 begabt,
356 2674 427 2716 potens,
462 2671 557 2716 socordio,
572 2672 647 2717 Mangel
659 2684 683 2708 an
697 2672 764 2708 Gofiihl
776 2674 806 2709 fur
818 2674 856 2710 dau
903 2676 905 2679 ⁴

38 2728 69 2763 diu
84 2740 120 2764 von
137 2730 196 2765 Natur
214 2729 356 2765 innewobnende
370 2730 427 2765 Kraft
464 2730 518 2774 Gute,
531 2730 645 2774 Stumplsmn.
664 2750 687 2756 —
705 2731 808 2775 diffluume,
820 2731 852 2767 be-

39 2787 87 2842 paoh
99 2787 252 2834 aulienaeigend,
265 2787 352 2832 machtig.
371 2808 391 2814 -
411 2791 427 2824 et
463 2789 546 2825 zeiohnet
563 2788 595 2824 das
607 2789 730 2826 allmahliohe
739 2790 775 2825 und
785 2789 855 2826 unani-

48 2845 51 2872 l
730 2859 746 2886 l·
