1872 3089
84 67 111 110 86
369 77 387 106 o.
397 76 497 106 sancusrr
507 76 576 106 oniam

84 173 143 227 pauci
153 173 303 227 impediverant
314 174 369 214 caeci
384 174 477 224 avaritia,
492 174 538 227 quis
549 174 616 214 omnia
630 173 716 214 honesta
731 176 793 226 etque
808 174 865 219 inho·r
932 169 934 209 Ῐ

61 245 145 283 onesta
165 244 256 284 rendere
279 256 323 284 mos
344 245 395 283 erat.
426 244 488 284 etiam
509 245 570 284 antea
589 243 703 296 Iugurthae
721 242 765 283 filia
783 242 864 284 Boccho

84 316 188 367 nupserat.
213 327 287 354 rerum
302 326 327 353 ea
339 313 470 354 necessitudo
486 314 541 367 apud
555 313 655 354 Numidas
670 313 796 365 Maurosque
810 313 864 354 levis
931 339 933 343 -

86 383 174 432 ducitur,
189 383 237 435 quia
252 383 328 435 singuli
342 396 379 437 pro
396 383 468 436 opibus
484 383 570 435 quisque
586 396 647 436 quam
661 384 766 436 plurumas
781 395 865 433 uxores,

62 453 151 492 tdenas
166 452 201 492 aiii
222 452 258 492 aiii
272 452 337 505 pluris
353 453 441 502 hahent,
462 454 498 492 sed
514 466 577 505 reges
588 466 612 492 eo
623 453 716 506 amplius.
745 452 864 492 itaanimus
925 458 926 461 ’

86 522 217 562 multitudine
233 521 365 562 distrahitur:
385 522 442 562 nulla
456 535 493 575 pro
514 522 569 562 socia
589 522 676 571 obtinet,
697 522 775 575 pariter
795 535 864 562 ornnes

50 596 74 631 81
86 591 139 630 viles
154 592 208 631 sunt.
238 591 301 644 igitur
317 591 419 631 inlocum
435 592 533 631 ambobus
547 591 646 645 placitum
667 590 771 631 exercitus
790 604 876 631 conre-v

86 660 149 700 niunt.
179 660 208 700 ibi
223 660 263 700 fide
274 662 323 700 data
338 663 360 701 et
375 662 459 714 accepta
467 661 568 714 Iugurtha
579 661 655 700 Bocchi
670 661 759 701 animum
774 660 865 701 oratione

87 730 190 771 accendit:
222 728 332 771 Romanos
352 730 455 781 tartaros,
480 728 594 782 profundo
616 729 721 780 avaritia,
749 728 865 771 commones

87 798 180 840 ornatum
200 798 267 841 {tostis
285 811 341 851 essa·
362 799 450 841 eoadem
469 799 518 841 titos
540 811 627 840 causam
646 798 696 840 cetu
713 812 760 841 com
780 797 865 840 Boeoto

86 867 172 918 tatere,
193 881 257 921 qaam
272 881 342 910 serora
357 872 376 910 et
391 881 439 910 cam
454 868 505 910 otiis
519 867 626 921 centibus,
648 867 765 910 lubidinem
780 867 866 921 tmperi·

87 937 160 988 randi,
177 938 225 991 quis
246 938 318 980 coarcto
336 951 404 991 reyoc
419 938 513 980 advorso
528 938 577 980 siat.
608 941 653 979 tam
667 951 718 989 sese,
732 937 801 989 poulo
817 939 867 979 cate

89 1005 286 1060 Garroaytm'ecsr's,
307 1008 358 1049 item
372 1020 443 1060 repam
458 1006 546 1058 Persea,
562 1011 613 1060 post
631 1007 663 1049 cti
678 1007 766 1061 actaque
781 1006 866 1059 opalen-

64 1076 189 1119 censemus
209 1076 317 1128 videatur,
338 1078 370 1118 aa
384 1076 490 1119 Romanis
510 1077 588 1119 hostem
605 1077 659 1129 fore.
690 1078 719 1117 eis
741 1080 801 1129 atque
821 1077 866 1116 aliis

88 1147 163 1186 talibus
179 1147 239 1187 dictis
254 1148 281 1187 ad
289 1146 366 1188 Cirtam
382 1148 477 1200 oppidum
487 1148 528 1186 iter
543 1147 672 1196 constituunt,
688 1147 742 1199 quod
752 1146 866 1192 iuraue-

66 1223 76 1256 3
88 1217 150 1257 tellus
161 1218 259 1269 praedam
269 1217 401 1269 captivosque
412 1219 434 1256 et
444 1217 588 1269 impedimenta
597 1216 707 1256 locaverat.
729 1216 759 1256 ita
765 1216 867 1268 Iugurtha

89 1289 146 1326 ratus
167 1292 203 1326 aut
222 1288 282 1340 capta
296 1288 347 1326 urbe
362 1299 437 1340 operae
452 1287 540 1339 pretium
555 1288 598 1326 fore
614 1288 656 1337 aut,
671 1286 689 1325 si
705 1287 749 1325 dux
762 1285 867 1325 Romanus

67 1356 168 1394 rauxilio
184 1356 227 1394 suis
241 1355 342 1405 venisset,
363 1355 440 1407 proelio
462 1368 508 1394 seso
529 1357 647 1395 certaturos.
678 1347 725 1394 nain
743 1354 830 1394 caiiidus
844 1353 867 1393 iu

88 1424 148 1463 modo
167 1424 289 1474 festinabat,
313 1423 389 1464 Bocchi
407 1436 480 1479 paoem
494 1424 625 1476 imminuere,
645 1436 671 1463 ne
685 1435 754 1464 moras
770 1423 867 1475 agitando

90 1492 146 1533 aliud
162 1507 223 1545 quam
237 1495 313 1534 beilum
328 1496 403 1534 mallet.

54 1565 78 1601 82
148 1562 264 1616 Imperator
273 1566 383 1617 postquam
394 1565 419 1603 de
429 1576 502 1615 regum
512 1564 609 1604 societate
624 1563 725 1616 cognorit,
740 1576 781 1602 non
792 1569 869 1603 temere

90 1645 163 1685 neque,
177 1633 208 1672 uti
227 1646 290 1686 saepe
307 1634 348 1673 iam
367 1633 421 1673 victo
436 1633 538 1686 Iugurtha
555 1636 695 1682 consueverat,
711 1633 803 1672 omnibus
819 1632 869 1672 locis

90 1702 197 1755 pugnandi
212 1703 363 1755 copiamfaoit.
380 1700 486 1743 ‘ceterum
505 1703 561 1743 haud
580 1702 652 1755 procul
674 1702 699 1742 ab
722 1700 779 1742 Cirta
796 1702 869 1742 castris

91 1771 173 1811 munitis
188 1784 250 1824 reges
266 1773 377 1826 opperitur,
392 1773 466 1812 melius
482 1785 528 1812 esse
543 1773 601 1812 ratur
617 1771 704 1824 cognitis
724 1771 803 1811 Mauris
822 1784 870 1824 quo-

89 1840 145 1880 niam
160 1841 178 1879 is
198 1854 264 1881 novus
284 1841 349 1881 hostis
372 1844 496 1892 accesserat,
517 1855 545 1881 ex
563 1843 667 1881 commodo
685 1854 774 1894 pugnam
794 1842 869 1881 facere.

80 2002 97 2036 6,
108 2000 264 2043 coaccessitado,
282 2001 322 2036 eine
334 2000 395 2036 tolohe
406 2000 444 2046 (na
504 2003 521 2036 4.
538 2000 628 2043 callidos,
650 2000 678 2036 als
699 2001 729 2035 eiu
744 2000 819 2036 Meister
837 2000 870 2036 der

56 2058 108 2101 here)
120 2057 245 2101 Verbinduug.
481 2058 620 2095 Sohlanheit.-
626 2057 652 2101 io,
661 2057 728 2102 objekt
734 2068 758 2092 zu
763 2058 870 2102 festinabat,

81 2118 97 2151 7.
109 2115 182 2150 artimus
195 2115 320 2160 distrahatur,
339 2116 368 2152 die
380 2116 446 2153 Zunei·
480 2116 526 2153 wird
545 2116 603 2152 durch
620 2116 726 2151 amerianae
742 2126 823 2161 genauor
838 2116 870 2152 bc·

56 2183 105 2219 gung
112 2173 272 2218 zersplittertfich,
281 2194 304 2199 —
312 2173 364 2209 itura
372 2174 445 2219 obtinet,
481 2175 574 2211 zeiohuet:
587 2175 694 2215 ereilteuur
703 2175 869 2219 daszuerreichen,

55 2232 111 2267 keinc
131 2232 233 2275 heheuptet
255 2232 296 2267 eine
314 2232 397 2276 Stelluug
417 2233 445 2268 als
481 2233 869 2276 nanumdenFrienen,indemBoochus

56 2289 227 2333 Lchensgefahrtin.
481 2293 529 2328 noch
541 2303 585 2336 war,
598 2293 628 2327 ein
639 2291 693 2327 Ende
705 2302 728 2326 zu
739 2290 822 2326 macheu.

81 2348 111 2384 81.
126 2350 141 2385 1.
155 2347 202 2393 quis,
216 2348 304 2383 wthrend
311 2348 373 2384 ihnen.
382 2369 405 2374 —
413 2349 446 2384 adr

56 2415 116 2449 corsa,
129 2405 215 2441 zuwider.
234 2405 264 2441 Sie
276 2409 349 2450 gonnen
361 2407 446 2443 niemand
481 2396 512 2432 ⁸2·
525 2395 556 2432 83·
569 2394 657 2433 ΜΘῈΘῙῙῊ
669 2394 720 2432 ffiiehi
732 2394 779 2432 Mb
791 2393 824 2432 5⁹²¹
836 2393 869 2433 ΕΓ·

57 2465 99 2500 ciue
110 2464 300 2500 muscheta-tam
312 2474 354 2508 sese,
367 2465 446 2501 ndmlich
481 2463 568 2501 mmm&
580 2452 695 2503 mmm
710 2451 745 2490 55²²
757 2451 815 2500 3²5⁹ss
830 2452 869 2491 hin·
890 2484 891 2487 =

58 2532 104 2566 mse,-
117 2522 181 2558 eberiso
193 2522 251 2565 faisse
263 2533 286 2557 zu
295 2522 354 2566 pacto
369 2527 411 2558 aare
423 2534 446 2558 zu
505 2523 536 2559 82.
550 2527 566 2559 1.
579 2522 607 2558 uti
619 2542 640 2548 —
654 2525 781 2567 consueverat,
796 2523 837 2558 weil
849 2532 870 2558 er

58 2584 155 2625 ergauzen.
482 2581 511 2616 bei
518 2581 579 2625 Jedem
587 2591 647 2616 neuen
655 2580 829 2616 Zuiammentreffeu
838 2580 870 2617 des

81 2639 98 2676 2.
105 2638 379 2682 erratqueauctocratorisnach
386 2639 445 2675 diesen
482 2639 544 2684 Sieges
556 2639 613 2685 gewijt
625 2639 665 2674 sein
672 2640 747 2674 konnte.
755 2657 778 2663 —
786 2638 869 2683 comatis,

57 2696 95 2732 und
106 2696 175 2731 andern
188 2696 295 2740 derartigcn
307 2696 446 2741 Auslaiiungen.
482 2696 562 2741 Metaris,
575 2697 611 2733 esst
623 2697 712 2733 nachdem
725 2707 746 2732 cr
758 2701 793 2732 eto.
804 2716 827 2721 —
838 2706 870 2731 rw·

82 2756 99 2792 3,
111 2754 139 2789 ito
151 2757 210 2798 ratos,
223 2765 243 2790 er
255 2755 346 2791 rcchnete
355 2755 381 2799 so,
394 2755 435 2802 cap.
482 2765 515 2790 aas
533 2755 600 2800 hostis,
617 2755 645 2792 als
658 2765 728 2800 neuer,
746 2754 793 2790 noch
814 2755 870 2791 unhe-
