1872 3089
228 110 258 140 on
266 111 336 141 eunLo
345 110 480 140 uueunufflrto
490 111 507 140 u.
518 113 575 141 rs-rr.
764 104 792 145 81

16 224 52 267 pro
73 211 165 262 tempore
180 208 247 261 parati
266 208 412 262 instructique,
436 209 484 249 dein
501 209 601 262 proelium
621 208 722 262 incipitur.
753 222 794 262 qua

16 283 36 322 in
51 281 109 333 parte
124 291 163 318 rex
177 291 261 331 pugnae
276 278 348 329 adfuit,
363 279 391 319 ibi
406 278 532 332 aliquamdiu
547 280 653 330 certatum,
669 280 734 319 ceteri
749 279 793 319 eius

16 362 85 392 omnes
99 349 175 389 milites
185 349 250 401 primo
261 361 373 400 congressu
384 349 438 402 pulsi
448 349 560 401 fugatique.
590 349 677 389 Romani
687 350 793 404 signorum
806 355 817 390 3

17 423 37 461 et
58 431 160 459 armorum
182 418 285 471 aliquanto
299 431 400 469 numero,
420 419 509 458 hostium
530 432 641 471 paucorum
655 420 725 473 potiti:
745 432 794 459 nam

15 492 78 532 ferme
83 488 183 529 Numidas
191 489 212 528 in
220 489 312 529 omnibus
318 488 401 542 proeliis
409 488 475 541 magis
482 489 546 541 pedes
555 501 615 541 quam
623 502 679 530 arma
686 492 733 530 tuta
739 493 792 530 sunt.

74 558 105 599 Ea
119 559 170 611 fuga
184 558 285 610 Iugurtha
300 558 411 611 impensius
426 559 486 599 modo
502 560 564 598 rebus
579 559 621 598 suis
635 559 730 599 diffidens
746 573 793 600 cum
805 564 829 600 rt

15 629 107 685 perfugis
123 632 145 667 et
159 631 219 681 parte
234 628 338 681 equitatus
353 628 374 668 in
385 628 513 678 solitudines,
529 628 576 668 dein
590 628 677 669 Thalam
691 630 793 682 pervenit,

15 699 242 752 inoppidummagnum
253 704 314 751 atque
321 698 445 751 opulentum,
456 698 492 737 uhi
499 699 593 751 plerique
601 698 692 739 thesauri
698 698 794 739 filiorum·

17 783 55 824 que
71 769 114 808 eius
130 769 205 808 multus
226 769 326 822 pueritIae
346 769 413 808 cultus
434 770 483 808 erat.
514 781 567 820 quae
585 771 694 821 postquam
708 768 817 808 Metello2

16 841 119 892 comperta
138 841 197 888 sunt,
216 850 339 891 quamquam
358 838 412 877 inter
431 837 516 877 Thalam
534 837 651 890 flumenque
670 851 794 891 proxumum

16 912 36 950 in
51 908 117 962 spatio
132 908 210 948 milium
225 907 375 960 quinquaginta
384 907 429 947 loca
444 908 502 947 arida
517 909 578 959 atque
588 910 649 961 rasta
664 920 711 947 esse
721 921 794 960 cogno-

16 981 80 1028 verat,
94 980 164 1017 tamen
174 990 210 1030 spe
220 977 314 1031 patrandi
325 977 379 1026 belli,
396 976 413 1016 si
428 977 472 1016 eius
483 977 553 1030 oppidi
562 977 639 1030 potitus
654 977 713 1028 foret,
729 978 794 1017 omnis

17 1049 136 1102 asperitates
160 1048 299 1100 supervadere
322 1060 346 1086 ac
366 1049 461 1086 naturam
480 1047 542 1086 etiam
560 1048 645 1087 vincere
668 1047 793 1099 aggreditur.

16 1120 78 1171 igitur
93 1118 160 1158 omnia
180 1117 270 1156 iumenta
285 1116 369 1156 sarcinis
387 1116 453 1156 levari
468 1116 525 1156 iubet
543 1116 698 1156 nisiisrumento
715 1118 793 1156 dierum
806 1123 817 1157 3

18 1190 93 1236 decem,
104 1189 194 1226 ceterum
199 1187 256 1226 *utris
266 1186 326 1226 modo
337 1189 358 1226 et
373 1186 413 1225 alia
424 1198 489 1238 aquae
499 1186 573 1226 idonea
582 1187 666 1238 portari.
684 1188 794 1238 praeterea
805 1192 818 1225 4

17 1257 116 1309 conquirit
131 1270 159 1296 ex
174 1257 229 1308 agris
245 1269 304 1308 quam
320 1256 438 1308 plurumum
457 1257 525 1308 potest
541 1255 611 1295 domiti
631 1256 711 1309 pecoris
729 1269 794 1308 eoque

17 1327 100 1380 imponit
115 1338 165 1365 vasa
186 1326 285 1378 cuiusque
305 1325 372 1375 modi,
393 1326 430 1364 sed
448 1326 547 1378 pleraque
565 1325 644 1376 lignea,
665 1325 751 1365 collecta
766 1339 795 1365 ex

17 1396 105 1449 tuguriis
115 1395 255 1443 Numidarum.
287 1395 313 1434 ad
328 1395 366 1434 hoc
376 1394 473 1434 finitumis
482 1394 576 1447 imperat,
592 1395 627 1448 qui
643 1408 666 1435 se
675 1398 723 1448 post
736 1396 794 1447 regis
807 1400 818 1434 5

17 1468 87 1518 fugam
104 1465 189 1505 Metello
211 1465 320 1513 dederant,
341 1477 402 1516 quam
421 1465 538 1517 plurumum
561 1465 647 1516 quisque
669 1477 735 1516 aquae
749 1478 795 1518 por-

17 1539 76 1585 taret,
97 1535 151 1574 diem
166 1535 281 1586 locumque,
297 1534 332 1573 ubi
346 1536 428 1586 praesto
444 1534 518 1583 fuerit,
534 1534 640 1586 praedicit,
655 1534 699 1587 ipse
714 1547 743 1573 cx
757 1534 794 1573 flu·
807 1540 818 1574 6

17 1605 76 1654 mine,
92 1617 153 1657 quam
163 1616 283 1657 proxumam
294 1603 367 1655 oppido
379 1615 452 1655 aquam
462 1616 508 1642 esse
522 1616 584 1656 supra
598 1603 693 1652 diximus,
703 1603 796 1643 iumenta

18 1675 98 1714 onerat:
113 1687 136 1713 eo
151 1674 211 1712 modo
226 1673 339 1712 instructus
355 1674 382 1712 ad
396 1672 482 1712 Thalam
497 1672 638 1725 proficiscitur.
669 1673 744 1712 deiude
759 1673 819 1713 uuir

18 1744 79 1783 adid
94 1743 133 1783 loci
148 1746 243 1791 ventum,
264 1744 318 1795 quod
333 1742 429 1782 Numidis
444 1745 587 1796 praeceperat,
608 1745 630 1781 et
644 1746 713 1782 castra
727 1743 795 1796 posita

18 1814 137 1865 munitaque
156 1817 209 1862 suut,
224 1814 283 1852 tanta
297 1814 383 1865 repente
399 1812 455 1852 caelo
470 1812 533 1852 missa
547 1812 579 1851 uis
595 1824 660 1864 aquae
676 1811 757 1862 dieitur,
772 1813 796 1851 ut

14 1982 90 2026 parati,
103 1983 169 2028 fertig,
186 1983 203 2019 d.
215 1983 227 2018 i.
239 1983 361 2028 kampffertig
373 1993 404 2028 ge·
463 1985 480 2018 2.
493 1982 514 2016 tu
521 1984 591 2027 spatio,
603 1983 623 2017 in
632 1983 691 2018 einem
698 1983 758 2018 Raum
766 1999 790 2012 =
797 1983 832 2019 auf

18 2040 83 2075 macht.
439 2042 481 2077 eins
489 2041 606 2086 Entfernung
617 2052 658 2077 von.
667 2041 768 2076 -meliam
777 2042 830 2086 quin-

9 2099 11 2101 ’
41 2101 57 2133 3.
77 2098 174 2143 eliquanto
189 2108 264 2133 pupzero
281 2098 337 2142 potiti
354 2102 404 2144 scut,
440 2100 531 2144 peroptata
544 2115 568 2128 =
581 2099 673 2143 uugefahr
690 2101 713 2135 75
724 2099 791 2135 Kilom.
806 2116 831 2129 =

17 2155 40 2190 lie
51 2167 156 2201 geusnneu,
173 2156 277 2201 eroberteu,
291 2175 311 2181 -
325 2156 404 2191 uestium
441 2158 462 2192 16
475 2157 604 2200 Wegltunden.
617 2176 639 2182 -
652 2158 692 2192 loeo
705 2157 761 2192 aride
775 2161 830 2201 atque

15 2223 116 2256 paucorum
133 2214 191 2258 potiti
206 2217 255 2258 sapt,
273 2214 297 2249 lie
314 2214 405 2249 bekamen
439 2215 830 2259 eostuausgebrennteunuumestrecken.

17 2281 51 2306 uur
60 2291 82 2297 —
91 2273 111 2307 in
123 2272 163 2307 ihre
175 2272 252 2307 Gewalt.
261 2275 339 2314 —tute‚
347 2272 406 2306 ficher
441 2291 463 2297 —-
477 2272 585 2316 asperitates
597 2272 727 2316 supervadere,
742 2274 788 2308 uber
801 2273 831 2308 die

18 2343 41 2357 =
52 2329 161 2373 Sicherheit‚
173 2329 241 2365 Schutz
253 2329 370 2374 gewahrend.
441 2329 602 2373 Schwierigkeiteu
616 2330 647 2366 der
660 2330 736 2374 aegero
750 2332 831 2375 hiuueg·

41 2387 70 2423 75.
84 2390 100 2424 1,
106 2399 128 2423 eo
133 2389 185 2433 fuya,
192 2388 262 2433 inlolge
269 2388 327 2423 dieler
333 2388 406 2424 Flucht.
440 2387 538 2423 schreiten.

18 2443 116 2489 impensius
135 2447 195 2490 modo,
220 2457 256 2481 nur
276 2446 324 2481 noch
348 2446 405 2481 mehr.
465 2448 481 2481 3.
494 2448 576 2489 ceterum,
589 2444 646 2490 aujler
659 2445 699 2481 dem
708 2445 831 2482 Mundiorrat

18 2499 58 2545 Vgl.
70 2505 98 2539 47.
108 2506 124 2539 3.
133 2524 154 2529 -
164 2505 232 2539 mortus
237 2504 331 2548 pueritiae
339 2504 404 2548 orsitus,
439 2503 470 2538 fur
481 2503 529 2538 zehn
541 2503 598 2546 Tage.

18 2560 164 2597 reicherVorrat
177 2562 269 2606 anahem,
281 2573 319 2598 was
332 2563 363 2597 fiir
376 2563 405 2598 die
464 2563 480 2595 5.
492 2561 557 2604 fuerit,
570 2571 611 2594 zum
620 2560 699 2604 Subjekt
707 2561 787 2606 quisque,
798 2562 831 2597 dus

19 2615 79 2662 Pflege
94 2619 127 2656 der
139 2620 213 2664 Jugend
230 2621 281 2665 notig
295 2631 339 2658 war.
360 2631 405 2665 pue·
439 2618 490 2654 Peri.
503 2619 594 2655 coniunct.
611 2619 653 2653 ltatt
669 2619 701 2654 des
717 2619 759 2654 Fut.
773 2623 832 2656 exact.

18 2674 72 2711 ritiae
93 2678 114 2714 iit
131 2678 194 2714 Genet.
211 2679 276 2714 obieot.
295 2690 318 2714 zu
339 2679 404 2724 cultus,
441 2678 531 2713 coniuuot.
548 2678 586 2713 und
598 2677 637 2713 dies
653 2677 682 2713 als
694 2677 832 2722 Verleharfung

15 2741 113 2774 puerorum
125 2737 147 2771 ilt
155 2737 218 2772 Genet.
228 2737 293 2773 obiect.
305 2749 328 2772 zu
336 2737 405 2772 metitus
441 2736 473 2771 des
485 2736 583 2773 Futurum.

16 2793 185 2839 pueritiamque,
198 2795 239 2839 „fur
252 2795 281 2831 die
293 2795 389 2832 Prinzeu“.
464 2796 481 2829 7.
493 2793 519 2828 cd
531 2793 552 2828 iol
564 2793 598 2828 loci
611 2813 632 2819 —
646 2793 694 2838 quod
703 2795 830 2837 praeceperat,

53 2860 120 2890 Sallusti
129 2864 213 2898 Iugurtha.
751 2864 760 2888 <i
