1872 3089
251 54 599 85 nnnnnno1ooonrn1noc.ro-n.
727 27 734 40 ἦ
789 46 817 87 79

38 154 75 196 tali
95 152 173 193 scelere
193 153 311 205 suspectum
333 165 380 192 sese
398 153 490 193 haberet.
521 152 547 192 ad
571 165 596 193 ea
615 165 654 193 rex
673 152 734 192 aliter
755 153 817 205 atque
830 155 853 191 72

39 223 103 264 animo
119 222 206 273 gerebat
220 221 301 275 placide
313 222 424 275 respondit,
449 222 563 262 Bomilcare
579 222 666 274 aliisque
676 222 752 271 multis,
767 235 818 274 qnos

39 292 102 334 socios
117 292 238 331 insidiarum
253 296 384 343 cognoverat,
399 292 515 333 interfectis
530 292 581 332 iram
590 294 727 346 oppresserat,
742 304 819 344 nequa

39 377 66 403 ex
81 374 104 401 eo
119 361 201 413 negotio
218 361 291 400 seditio
302 364 400 401 oreretur.
430 374 497 413 neque
507 365 554 414 post
566 362 588 401 id
602 363 692 402 locorum
702 361 818 413 Iugurthae
831 366 841 399 2

39 433 82 473 dies
98 433 134 471 ant
148 444 191 471 nox
205 431 248 470 nlla
264 430 333 482 quieta
348 431 395 480 fnit3
411 444 478 483 neque
493 433 537 471 loeo
548 444 614 483 neque
624 432 706 472 mortali
722 432 818 483 cuiqnam

39 503 74 542 ant
83 500 171 554 tempori
187 499 237 540 satis
253 501 344 550 credere,
360 500 411 540 civis
426 500 532 553 hostisque
546 501 606 540 iuxta
619 504 717 550 metuere,
733 502 818 541 circnm-

39 573 132 625 speotare
147 571 214 611 omnia
229 573 250 610 et
265 571 319 610 omni
334 572 423 624 strepitu
438 584 562 624 pavescere,
583 572 622 611 alio
639 575 701 624 atque
719 572 757 612 alio
773 573 817 612 loco

39 653 101 694 saepe
117 643 188 680 contra
203 641 368 693 deonspregium
388 642 451 681 noctu
466 641 606 693 requiescere,
628 641 732 681 interdum
748 654 817 681 somno

39 711 119 751 excitus
130 711 217 763 arreptis
233 710 294 750 armis
305 712 415 750 tumultum
424 711 505 751 facere:
521 711 551 751 ita
560 711 669 751 formidine
680 711 738 764 quasi
748 724 818 751 vecor-

39 781 73 820 dia
88 779 195 832 exagitari.

96 850 164 902 Igitur
174 849 279 899 Metellus,
294 850 329 889 ubi
345 851 370 890 de
386 863 436 890 casu
450 850 571 890 Bomilcaris
586 853 608 890 et
622 850 697 890 indicio
712 850 815 903 patefacto
830 851 854 887 73

39 933 66 960 ex
81 920 173 972 perfugis
184 920 284 971 cognovit,
298 932 370 958 rursus
380 922 484 971 tamqnam
499 920 526 959 ad
541 921 644 972 integrum
654 920 730 959 bellum
745 922 819 959 cuneta

38 991 97 1042 parat
117 989 248 1041 festinatque.
278 988 367 1028 Mariam
384 989 506 1041 fatigantem
528 989 553 1029 de
568 989 700 1042 profectione,
722 989 782 1028 simul
798 991 842 1029 ete

38 1057 125 1098 invitum
140 1061 162 1098 et
176 1058 277 1098 offensam
298 1058 336 1098 sibi
351 1071 423 1112 parum
443 1059 538 1098 idoneum
556 1060 614 1098 ratus
634 1060 716 1099 domum
731 1059 819 1098 dimittit.

39 1132 60 1169 et
69 1129 147 1168 Romae
157 1128 229 1182 plebes
239 1128 320 1178 litteris,
336 1141 388 1181 qnae
405 1129 430 1167 de
445 1128 531 1168 Metello
547 1141 571 1168 ac
581 1128 646 1169 Mario
661 1128 737 1167 missae
753 1131 839 1177 erant‚3

39 1198 126 1251 cognitis
141 1198 219 1238 volenti
234 1198 301 1237 animo
317 1198 343 1236 de
359 1198 456 1238 ambobus
472 1201 600 1251 acceperant.
630 1198 748 1251 imperatori
763 1197 842 1237 nobi-4

39 1269 97 1317 litas7
116 1280 170 1320 quae
185 1271 247 1307 antea
262 1267 331 1306 decori
346 1267 391 1317 fuit,
405 1267 495 1307 invidiae
511 1280 567 1317 esse,
583 1270 604 1307 at
619 1268 650 1307 illi
660 1268 720 1307 alteri
735 1267 818 1320 generis

39 1338 143 1378 humilitas
152 1338 244 1377 favorem
255 1337 369 1377 addiderat.
393 1340 485 1377 ceterum
492 1338 514 1377 in
524 1341 611 1390 utroque
618 1338 684 1389 magis
695 1338 762 1377 studia
772 1350 818 1390 par-

39 1408 90 1447 tium
105 1420 165 1460 qnam
173 1408 226 1447 hona
235 1410 272 1447 aut
282 1408 337 1446 mala
348 1420 385 1447 sna
396 1408 506 1448 moderata.
537 1411 644 1461 praeterea
654 1408 746 1447 seditiosi
755 1408 819 1459 magi-
831 1411 848 1444 a

41 1480 117 1518 stratus
133 1478 217 1529 volgum
232 1477 350 1528 exagitare,
370 1477 479 1517 Metellum
495 1478 587 1518 omnibns
603 1477 730 1517 contionibus
746 1477 819 1529 capitis

65 1624 95 1660 12.
109 1627 125 1660 1.
138 1628 192 1669 elprae
205 1625 266 1659 cnloco
278 1625 357 1670 peretot,
370 1625 398 1661 ala
411 1635 431 1660 er
491 1628 507 1661 3.
519 1625 587 1660 litteris
601 1625 688 1669 ceperas,
708 1625 797 1659 nachdem
812 1634 855 1659 man

41 1683 132 1718 innerlich
144 1683 234 1727 geltimmt
246 1693 290 1718 war.
310 1702 332 1708 —
351 1684 430 1728 nepetae,
466 1682 557 1718 Kenntnis
575 1693 611 1717 von
630 1682 665 1717 den
680 1682 755 1718 Briefen
771 1682 855 1718 erhalten

42 1740 107 1785 Socha
119 1741 197 1776 Vorfall.
466 1741 525 1778 hatte.
538 1760 561 1766 -
579 1741 647 1776 colenti
661 1741 722 1775 ocimo
741 1744 856 1785 acceperant,

64 1803 81 1835 2.
98 1802 143 1844 post
160 1799 182 1834 id
200 1800 287 1844 locorum,
306 1810 341 1835 von
360 1800 384 1836 da
402 1800 431 1835 ab.
467 1799 499 1834 das
513 1799 562 1833 Volk
574 1809 612 1834 war
624 1800 657 1834 mit
673 1798 708 1834 den
721 1798 855 1842 Mitteilungen,

42 1857 83 1902 vgl.
96 1859 125 1894 63.
138 1858 155 1892 6.
168 1876 191 1881 -
204 1860 269 1893 contra
284 1856 339 1893 decus
355 1857 431 1902 replum,
467 1857 496 1893 (lie
504 1867 547 1892 man
553 1857 636 1892 crhalten
642 1858 702 1900 hatte,
711 1856 856 1900 einverltamlen⁷

42 1914 77 1959 vgl.
90 1916 119 1951 33.
132 1917 178 1950 1.-
186 1915 283 1950 romulcam
295 1916 361 1959 facere,
374 1916 430 1951 Larm
467 1915 641 1960 diellllitteilungen,
653 1915 682 1950 die
690 1926 733 1949 man
745 1916 791 1949 siber
803 1915 856 1950 beide

41 1972 133 2017 [chlagen.
150 1993 174 1998 -
191 1973 299 2015 formidine,
318 1974 354 2017 vgl.
370 1975 398 2009 66.
413 1974 430 2010 2.
466 1975 545 2008 Manner
562 1973 646 2008 erhalten
657 1974 716 2016 hatte,
735 1984 797 2008 waren
816 1973 857 2008 dem

42 2049 66 2056 ·-
76 2031 169 2075 eeccrcle'n,
181 2032 287 2067 Wahnflnn.
467 2032 517 2066 Volk
528 2033 577 2067 nach
589 2032 674 2068 Wunsch,
687 2052 710 2057 —
722 2042 763 2075 saec,
778 2031 857 2076 inbezng

37 2107 39 2111 ·
135 2114 141 2117 -
221 2125 226 2133 ,
468 2090 501 2126 auf
511 2089 533 2124 ia
540 2094 623 2135 cirenae.
641 2090 772 2127 DasPossess.
784 2089 857 2126 reflexi·

79 2125 164 2162 73'*83¹
177 2125 258 2161 zm&
269 2124 353 2168 Felmg
365 2124 397 2160 ¹¹⁰⁸
468 2159 511 2184 vum
527 2148 575 2184 [teht
590 2149 669 2192 inbezug
685 2148 718 2184 auf
733 2146 788 2184 einen
803 2158 857 2183 casus

189 2182 285 2219 Metellus*
469 2207 561 2251 obliquus,
573 2218 604 2242 um
616 2211 673 2243 etwas
687 2218 729 2242 zum
740 2207 808 2242 Welen
822 2206 857 2242 Ge-

45 2264 74 2301 73.
87 2264 158 2302 Manius
169 2263 219 2303 wire.
231 2264 331 2303 naohvllom
343 2263 434 2302 entiallen
468 2266 549 2309 horiges,
563 2270 620 2300 etwas
631 2264 803 2301 Unabanderliches
815 2265 857 2300 her-

101 2322 141 2361 11ηᾶ
152 2333 196 2361 aum
207 2322 276 2361 Romul
287 2322 376 2370 gewlhllt.
468 2324 590 2360 vorznheben.
609 2343 630 2349 -
650 2323 752 2367 moderari,
771 2324 801 2359 ein
814 2323 858 2369 Mali

68 2397 83 2428 1.
96 2393 128 2429 ubi
139 2393 224 2438 oopncoil
238 2393 269 2436 eie,
288 2394 317 2429 als
334 2403 355 2429 er
366 2392 432 2428 Kunde
468 2382 569 2428 festselzefla
579 2381 742 2428 mallgehefldfelss·
755 2382 859 2426 Defgffle

44 2452 128 2488 &hasten
139 2452 193 2487 hatte
204 2462 245 2487 von,
469 2440 511 2475 Satn
523 2440 599 2476 bezieht
607 2440 644 2475 fich
656 2440 690 2475 auf
696 2441 725 2475 die
732 2440 858 2485 Beurtessnng,
910 2456 912 2458 ¹

67 2513 84 2546 2⁸
96 2509 149 2545 simul
161 2520 185 2545 zu
203 2512 262 2545 patus·
278 2529 301 2535 ..
319 2512 336 2545 eg
353 2508 432 2544 invitum
469 2499 498 2535 die
510 2500 564 2535 beide
576 2500 654 2534 Manner
670 2499 701 2534 bei
717 2499 750 2534 der
764 2498 818 2543 plebs
831 2509 858 2534 er-

44 2571 62 2603 et
79 2568 167 2612 offensum
185 2568 229 2612 sibi,
247 2569 298 2604 nieht
316 2579 351 2603 nur
369 2568 433 2603 wider·
469 2557 541 2593 flllffssss·

45 2626 110 2672 willig,
128 2626 207 2662 londern
224 2627 272 2662 auch
287 2626 386 2661 verhittert
402 2626 434 2661 auf
493 2629 509 2662 5.
519 2631 622 2672 praeterea,
638 2628 685 2663 dazu
698 2627 752 2663 noch.
771 2648 794 2653 —
812 2628 859 2663 serli-

44 2684 81 2720 ihn.
94 2704 117 2712 -
126 2695 195 2730 param
206 2685 300 2729 idoneare,
319 2695 353 2729 gar
371 2685 432 2721 nichts
469 2685 512 2720 tiosi
523 2686 655 2731 mapistrctcs,
672 2686 823 2723 Volkstribnncn.
836 2707 858 2711 —

45 2747 107 2780 natae.
469 2745 570 2789 conpilare,
584 2744 691 2781 aufhetzen.
710 2765 732 2770 -
748 2745 816 2789 capitis
828 2755 859 2780 cr-
