1872 3089
99 85 127 125 42
384 90 401 118 c.
412 89 515 118 sunnusrr
525 89 595 117 GRISPI

100 190 171 229 consul
186 189 235 228 belli
246 187 334 240 gerundi
346 199 428 226 morere
445 198 505 238 quam
517 199 625 225 senescere
641 185 707 226 omnia
721 186 815 225 malebat.
840 185 879 238 ipsi

77 267 88 298 4
100 259 206 313 provincia
220 257 317 298 Numidia
332 256 421 296 Minucio
440 256 561 296 Macedonia
576 258 680 296 evenerat.
710 267 762 307 quae
772 256 880 308 postquam

100 330 193 369 Massiva
213 328 292 380 agitare
308 327 376 379 coepit
390 339 456 378 neque
471 325 586 377 lugurthae
602 325 623 364 iu
639 325 709 365 amicis
724 324 774 363 satis
789 324 879 377 praesidi

101 403 138 449 est,
154 399 209 451 quod
219 410 290 437 eorum
306 397 367 436 alium
383 395 508 435 couscientia
523 395 587 434 alium
597 395 651 434 mala
666 396 720 434 fama
735 397 755 433 et
769 394 830 433 timor
844 394 880 433 im-

100 469 205 522 pediebat⁷
221 467 329 508 Bomilcari
339 479 439 519 proxumo
455 478 479 505 ao
494 477 589 504 maxume
600 464 641 504 fido
653 465 691 504 sibi
704 465 796 517 imperat,
807 465 880 516 pretio,

102 539 162 579 sicuti
177 537 241 577 multa
257 537 378 585 confecerat,
399 536 530 575 insidiatores
545 535 649 575 Massivae
664 539 729 588 paret,
746 548 769 574 ac
784 547 880 574 maxume

102 608 187 658 occulte,
203 608 235 646 siu
250 608 271 646 id
282 620 354 659 parum
363 606 468 659 procedat,
485 605 556 657 quovis
568 606 627 645 modo
642 605 751 645 Numidam
766 604 880 644 interficiat.

78 679 203 719 5Bomilcar
217 680 297 717 mature
313 677 369 728 regis
385 676 481 715 mandata
497 675 618 727 exsequitur
636 678 657 714 et
675 688 713 728 per
727 675 819 715 homines
834 674 881 714 talis

101 748 171 800 negoti
190 747 278 787 artifices
293 747 368 786 itinera
379 758 517 798 egressusque
528 745 578 794 eius,
589 747 692 798 postremo
703 745 748 785 loca
758 746 820 798 atque
830 746 881 784 tem-

80 823 90 857 6
102 831 153 873 pora
163 822 237 857 cuncta
252 817 352 870 explorat.
384 816 465 865 deinde,
480 815 516 855 ubi
526 828 560 854 res
570 815 693 868 postulabat,
709 814 793 854 iusidias
809 814 881 854 tendit.

103 889 166 941 igitur
181 901 234 927 unus
250 900 278 926 ex
294 900 317 927 eo
333 899 423 936 numero,
440 886 474 938 qui
490 886 517 925 ad
532 886 616 925 caedem
626 886 693 937 parati
704 887 768 934 erant,
783 885 843 937 paulo
853 885 882 924 in-

103 958 215 998 consultius
226 957 338 997 Massivam
353 956 483 1008 aggreditur:
499 955 557 994 illum
573 955 687 1004 obtruncat,
702 955 740 993 sed
755 955 799 1007 ipse
811 955 882 1007 depre-

103 1029 186 1078 hensus,
201 1028 271 1066 multis
287 1027 414 1066 hortantibus
430 1026 488 1065 etin
505 1025 576 1078 primis
592 1025 666 1064 Albino
683 1025 771 1074 consule,
786 1025 882 1063 indicium

81 1103 91 1135 7
103 1097 215 1151 profitetur.
238 1097 262 1136 fit
272 1109 319 1135 reus
329 1097 396 1147 magis
407 1109 434 1134 ex
444 1107 510 1147 aequo
520 1096 613 1146 bonoque
623 1106 684 1145 quam
694 1107 722 1133 ex
731 1094 776 1133 iure
791 1094 883 1145 gentium

81 1173 92 1205 8
104 1167 212 1216 Bomilcar,
223 1179 289 1206 comes
300 1166 344 1205 cius
355 1166 390 1217 qui
399 1165 487 1205 Romam
496 1164 537 1203 fide
552 1164 634 1216 publica
644 1166 735 1203 venerat.
751 1166 772 1203 at
782 1163 883 1216 Iugurtha

104 1237 226 1276 manifestus
236 1236 289 1275 tanti
299 1236 383 1274 sceleris
394 1248 434 1274 nou
444 1235 502 1287 prius
518 1234 586 1273 omisit
596 1235 667 1273 contra
677 1247 750 1273 rerum
765 1233 807 1283 uiti,
823 1246 883 1285 quam

105 1307 193 1347 animum
204 1306 295 1346 advortit
306 1318 368 1358 supra
378 1305 466 1357 gratiam
477 1308 538 1356 atque
548 1303 655 1357 pecuniam
663 1316 720 1343 suam
727 1303 825 1343 iuvidiam
834 1303 884 1343 facti

82 1382 93 1414 9
106 1390 158 1416 esse.
180 1377 244 1428 igitur
254 1388 376 1427 quamquam
392 1375 495 1427 inpriore
511 1374 589 1413 actione
605 1386 632 1412 ex
651 1373 721 1413 amicis
736 1373 884 1425 quinquaginta

106 1447 170 1486 vades
189 1446 281 1494 dederat,
296 1458 361 1497 regno
372 1445 437 1496 magis
448 1457 510 1496 quam
522 1443 610 1483 vadibus
621 1443 729 1482 cousulens
744 1443 797 1483 clam
811 1442 833 1482 in
842 1441 884 1482 Nu-

70 1618 94 1653 fie
107 1617 139 1652 ihu
151 1628 197 1661 geru
210 1627 245 1651 von
259 1616 409 1651 dcrllerrlchaft
422 1619 460 1651 eut-

72 1676 143 1712 ferncn.
204 1708 217 1723 4

95 1737 112 1770 3.
125 1733 191 1777 oracla,
210 1732 279 1777 ObJ'elrt
298 1744 322 1767 zu
339 1743 406 1767 rrzoorre
423 1732 461 1768 und

72 1792 149 1838 Snbjekt
161 1803 184 1826 zu
195 1801 288 1826 scatescere.
307 1790 349 1835 Vgl.
362 1794 389 1826 31.
404 1793 431 1826 18.

95 1853 112 1886 4.
122 1860 222 1895 procurro,
237 1849 304 1885 seinem
316 1849 403 1884 nachael
416 1850 460 1885 Ver·

71 1914 153 1945 truuten.
165 1928 188 1933 —
201 1909 236 1951 sto,
249 1908 295 1943 letzt
307 1907 324 1942 ei
336 1918 408 1943 vorans.
427 1907 462 1943 Die

71 1968 118 2003 erlte
125 1967 232 2011 Bedingung
244 1967 266 2001 ilt
273 1967 293 2001 iu
301 1977 385 2001 roecurte
393 1967 462 2002 occulte

72 2025 176 2070 euthalten‚
198 2041 222 2054 =
239 2035 323 2059 aznarane
344 2024 420 2070 occulte,
444 2024 462 2060 si

69 2085 135 2129 possit.

95 2144 112 2178 5.
128 2146 198 2177 matare
216 2141 327 2186 exsequitur,
347 2142 404 2177 becilt
424 2142 460 2177 fich

72 2201 201 2238 auszufiihren.
214 2219 236 2226 -
249 2200 335 2243 artifices,
348 2200 428 2236 Meilter.
438 2220 461 2227 —

71 2261 145 2304 itinera,
158 2260 276 2303 che=wo
289 2270 310 2294 cr
322 2259 367 2303 geht
379 2259 431 2302 (ire).
439 2279 462 2285 -

71 2318 111 2353 loca
123 2321 178 2362 atque
190 2321 278 2362 termera,
291 2328 318 2363 wo
331 2318 368 2352 und
377 2328 428 2352 waun
441 2328 461 2353 er

71 2389 95 2412 zu
110 2377 172 2412 finden
190 2376 217 2411 itt
238 2396 260 2400 —
281 2376 354 2419 deinde,
372 2376 462 2411 naohdem

72 2435 118 2471 alles
131 2435 243 2480 ausgefpaht
255 2445 298 2469 war.
311 2455 333 2461 —
345 2434 377 2469 aot
389 2446 417 2470 res
429 2446 461 2479 po-

72 2494 159 2537 stulabat,
175 2505 202 2530 wo
215 2493 253 2528 und
269 2504 322 2529 wann
335 2504 354 2529 es
367 2495 463 2539 augezeigt

72 2553 140 2589 schien.

96 2614 112 2648 6.
126 2622 148 2647 err
160 2621 180 2647 eo
192 2621 267 2647 cornero
279 2626 301 2640 =
313 2621 335 2646 err
347 2621 422 2646 cornero
435 2621 462 2646 eo-

72 2682 119 2707 rum.
133 2692 154 2697 -
172 2670 262 2706 iodicium
276 2670 383 2715 profitetur,
400 2670 462 2706 maeht

72 2730 106 2767 auf
129 2729 272 2774 eiudringliohes
292 2728 379 2764 Zureden
403 2728 462 2765 offene

72 2790 155 2835 Angahe,
167 2788 206 2833 legt
218 2789 249 2824 ein
262 2788 370 2824 Gelttudnis
382 2787 412 2823 ab.

521 1616 538 1649 7.
551 1624 573 1649 ar
585 1624 643 1658 aequo
651 1613 732 1658 hortoque
739 1628 760 1642 =
766 1614 799 1649 wie
806 1624 826 1649 es
834 1614 887 1649 recht

497 1672 536 1707 und
547 1676 579 1717 gut
591 1683 636 1708 war.
654 1692 676 1697 -—
695 1682 753 1708 comcs
768 1672 807 1708 eius
820 1673 852 1718 gol
863 1692 887 1698 —

496 1734 576 1775 acuerat,
588 1731 617 1766 als
630 1731 716 1775 Mitglied
732 1731 764 1766 der
777 1731 887 1776 Begleitung

497 1788 569 1834 cellen,
589 1788 621 1824 der
637 1792 692 1825 uuter
708 1789 749 1824 dem
766 1788 833 1824 Schutz
852 1789 884 1825 des

497 1848 618 1884 offentliohen
634 1848 715 1885 Geleites
732 1848 780 1883 nach
792 1848 838 1884 Rom
855 1859 886 1894 ge·

497 1907 583 1942 kcmmcn
595 1899 639 1943 war.

521 1967 538 2000 8.
551 1966 670 2009 manifestos,
688 1966 768 2001 obfchon
783 1965 887 2008 hberflihrt.

497 2042 520 2047 —
533 2027 599 2058 contro
610 2034 672 2058 oerum
683 2023 725 2067 citi,
737 2024 774 2059 fich
786 2034 845 2068 gegeu
858 2023 887 2059 die

497 2082 595 2118 Wahrheit
603 2082 694 2126 beminen,
709 2082 725 2119 d.
738 2082 750 2118 i.
758 2082 796 2117 fich
805 2082 887 2127 dagegeu

495 2140 587 2185 beminen,
596 2140 631 2187 dall
638 2141 667 2176 die
674 2141 777 2186 Wahrheit‚
786 2140 819 2176 der
826 2141 887 2177 wahre

498 2198 618 2235 Sachverhalt
628 2210 662 2234 zur
675 2199 755 2244 Gcltung
766 2199 843 2236 komme.

522 2259 538 2293 9.
551 2257 645 2302 inpriore
658 2257 734 2302 actione,
750 2258 769 2293 in
782 2258 814 2294 der
827 2258 886 2294 erltcn

497 2316 631 2360 geriohtliohen
644 2317 777 2361 Verhaudlung
794 2317 841 2352 tiber
858 2317 886 2352 die

498 2375 616 2419 Ermcrdung
625 2375 657 2410 des
666 2375 747 2411 Maffiva.
772 2375 805 2411 Bei
813 2375 887 2412 schwie·

497 2433 571 2477 rigereu
579 2433 646 2468 Fallen
659 2433 734 2469 worden
747 2434 831 2470 mehrere
840 2434 887 2479 Tag-

498 2491 575 2527 lahrteu
588 2491 761 2537 [Vcrhaudlungeul
777 2492 887 2538 notwendig.

498 2550 635 2596 quinquaginta
649 2550 715 2595 cados,
734 2551 751 2588 d.
763 2551 775 2587 i.
788 2550 817 2586 dic
830 2550 887 2596 Burg-

497 2608 562 2653 lchaft‚
581 2608 616 2655 dall
634 2619 655 2645 er
671 2610 690 2644 iu
706 2609 738 2645 der
755 2609 818 2644 uhchlt
832 2610 887 2645 anbe-

498 2674 583 2704 raumteu
612 2668 829 2712 Gerichtsverhandlung
858 2679 887 2704 cr-

498 2727 583 2763 scheinen
596 2728 662 2765 werde.
668 2747 691 2752 —
697 2737 754 2772 reguo
763 2725 823 2771 maora
832 2737 887 2770 qaam

498 2786 576 2822 ordibus
590 2785 694 2828 consulens,
711 2794 732 2819 er
751 2784 786 2828 gab
805 2784 842 2821 also
859 2785 887 2821 die
