1872 3089
268 77 297 104 on
307 75 376 104 annno
386 75 520 104 loeusrsrro
531 75 548 104 e.
558 77 615 104 25-27.
804 65 830 106 31

51 173 144 230 procedit
167 186 234 226 neque
255 174 309 226 quod
329 173 446 213 intenderat
465 173 546 214 efficere
562 175 641 226 potest,
662 176 685 212 ut
699 172 757 226 prius
772 163 833 225 quam

52 247 132 298 legatos
144 243 262 283 conveniret
270 243 395 283 Adherbalis
405 243 512 297 potiretur,
528 257 555 283 ne
566 243 653 296 amplius
663 243 761 283 morando
772 242 833 283 Scau-

52 329 104 365 rum,
120 326 181 367 quem
195 314 311 367 plurumum
326 314 436 364 metuebat,
451 314 577 363 incenderet,
593 327 639 354 cum
649 314 720 366 paucis
731 313 833 365 equitibus

52 386 74 426 in
83 384 208 438 provinciam
218 385 281 423 venit.
312 396 335 423 ac
350 384 433 423 tametsi
448 384 515 423 senati
525 384 594 424 verbis
610 396 685 436 graves
701 383 768 423 minae
783 396 833 423 nun·
847 391 868 423 11

52 456 164 503 tiabantur,
181 454 236 506 quod
251 455 276 494 ab
287 454 438 507 oppugnatione
453 467 493 493 non
505 454 620 503 desisteret,
635 454 699 493 multa
712 457 780 493 tamen
791 465 835 493 ora·

52 525 107 564 tione
123 526 229 564 consumta
243 520 308 576 legati
317 524 395 564 frustra
405 524 527 563 discessere.
558 536 582 563 ea
597 527 705 576 postquam
716 522 785 563 Cirtae
800 536 833 563 au·
845 528 870 564 26

54 595 97 634 dita
111 596 166 643 sunt,
184 593 258 643 Italici,
276 607 363 646 quorum
382 593 460 633 uirtute
480 593 560 633 moenia
579 593 744 642 defensabantur,
765 593 835 634 confisi

54 664 158 704 deditione
178 664 233 704 facta
251 666 335 717 propter
353 664 514 715 magnitudinem
533 663 604 716 populi
618 663 706 702 Romani
726 663 835 703 inviolatos

54 747 100 774 sese
115 735 168 783 fore,
187 734 300 774 Adherbali
322 735 411 774 suadent
430 734 461 773 uti
482 746 546 786 seque
565 737 586 772 et
606 732 702 786 oppidum
721 732 835 784 Iugurthae

54 804 128 854 tradat,
144 805 223 843 tantum
238 804 263 843 ab
279 817 303 843 eo
319 804 382 843 vitam
397 804 518 856 paciscatur,
541 804 566 843 de
582 803 657 843 ceteris
673 803 755 843 senatui
774 815 836 842 curae

54 874 104 913 fore.
135 875 157 912 at
180 873 225 923 ille,
251 874 333 913 tametsi
358 873 425 913 omnia
447 873 526 927 potiora
547 872 588 912 fide
608 873 723 924 Iugurthae
746 874 859 922 rebatur‚2

54 946 124 983 tamen
139 944 187 996 quia
201 956 266 997 penes
277 945 365 993 eosdem,
381 944 399 982 si
410 945 562 992 adversaretur,
579 943 668 995 cogundi
677 945 769 996 potestas
785 945 836 992 erat,

54 1014 84 1053 ita
98 1014 129 1053 uti
145 1017 268 1053 censuerant
285 1014 353 1054 Italici
374 1014 498 1053 deditionem
515 1014 571 1054 facit.
602 1013 703 1065 Iugurtha
723 1013 745 1052 in
765 1014 859 1067 primis3

55 1083 195 1122 Adherbalem
210 1085 350 1124 excruciatum
365 1087 435 1132 necat,
457 1083 531 1123 deinde
548 1084 612 1122 omnis
630 1084 720 1136 puberes
735 1083 836 1122 Numidas

56 1155 118 1205 atque
138 1154 276 1205 negotiatores
291 1154 412 1207 promiscue,
427 1155 459 1193 uti
474 1154 561 1205 quisque
576 1153 659 1193 armatis
675 1154 747 1193 obvius
763 1154 836 1202 fuerat,

56 1222 156 1262 interficit.

115 1292 177 1338 Quod
191 1296 300 1345 postquam
309 1292 387 1333 Romae
398 1294 502 1345 cognitum
517 1298 549 1332 est
559 1297 581 1331 et
595 1293 660 1333 resin
675 1295 748 1332 senatu
763 1293 838 1344 agitari
849 1295 872 1331 27

59 1365 136 1414 coepta,
151 1362 206 1400 idem
216 1362 247 1400 illi
257 1362 344 1402 ministri
354 1363 410 1415 regis
420 1363 570 1415 interpellando
581 1375 605 1402 ac
616 1375 677 1415 saepe
688 1363 761 1415 gratia,
776 1363 837 1402 inter-

57 1431 104 1470 dum
119 1432 192 1483 iurgiis
208 1432 309 1471 trahundo
325 1435 413 1485 tempus,
429 1432 558 1472 atrocitatem
572 1432 621 1471 facti
636 1432 745 1471 leniebant.
776 1445 800 1472 ao
815 1432 860 1470 nia

57 1498 78 1540 O.
95 1500 203 1539 Memmius
221 1500 315 1539 tribunus
333 1501 400 1553 plebis
419 1502 546 1552 designatus,
561 1501 594 1539 vir
610 1514 656 1539 acer
672 1506 693 1540 et
706 1501 793 1557 infestus
803 1513 837 1553 pc-

56 1569 133 1608 tentiae
148 1570 269 1618 nobilitatis,
289 1571 386 1623 populum
404 1570 518 1610 Romanum
539 1570 655 1609 edocuisset
669 1570 691 1609 id
707 1570 746 1621 agi,
762 1575 785 1609 ut
799 1582 838 1623 per

56 1651 132 1691 paucos
148 1638 244 1678 factiosos
258 1639 373 1691 Iugurthae
394 1640 460 1679 scelus
482 1641 641 1688 condonaretur,
661 1641 753 1691 profecto
773 1640 837 1678 omnis

57 1707 135 1747 invidia
149 1708 275 1760 prolatandis
294 1709 475 1749 consultationibus
494 1709 573 1762 dilapsa
587 1708 650 1748 foret:
669 1711 727 1748 tanta
744 1709 777 1748 ris
792 1721 838 1761 gra-

57 1777 99 1817 tiae
122 1779 184 1829 atque
206 1779 306 1830 pecuniae
324 1779 381 1831 regis
402 1783 453 1821 erat.
485 1780 520 1818 sed
541 1778 578 1818 ubi
599 1782 682 1818 senatus
703 1779 772 1818 delicti
792 1785 861 1819 con-3

57 1878 447 1925 latzungLhclrenoderlchwacheStellen
483 1880 584 1925 gehcrigen
601 1880 755 1916 Gelchaftsleute.
776 1900 799 1905 —
817 1878 839 1914 at
851 1901 873 1906 -

58 1936 173 1978 entltiinden3
194 1936 251 1981 dolis,
269 1949 321 1973 wenn
334 1938 402 1983 intolge
415 1939 448 1973 der
483 1938 551 1981 facerat,
560 1939 594 1973 wie
603 1938 752 1983 einerbegegnet
760 1949 803 1974 war.
822 1938 874 1974 Cirta

57 1995 122 2030 weiten
130 1994 256 2039 Ausdehnung
264 1996 316 2031 nicht
328 1996 365 2032 alle
374 1997 448 2032 Punkte
483 1995 514 2032 fiel
528 1998 561 2032 112
574 2008 591 2034 v.
604 1996 646 2031 Chr.

57 2053 90 2087 mit
102 2053 135 2087 der
147 2052 231 2096 gleichen
240 2054 405 2089 Aulmerksamheit
417 2055 448 2089 be·
496 2057 584 2101 27.—28.
598 2068 614 2101 3¹
623 2098 625 2100 ι
633 2065 691 2100 Roms
703 2065 863 2109 Jffiggsfflmg·

59 2112 148 2146 obachlet
159 2111 240 2146 ufirdssss·
356 2142 375 2155 ...
486 2122 592 2166 Iugurthas
603 2122 723 2165 vergebliche
734 2122 875 2168 Belteehungs·

84 2172 113 2205 10.
125 2172 151 2211 or,
166 2168 272 2204 erklarend:
292 2169 385 2215 „uamlioh
397 2168 450 2215 dajl‘t
632 2181 729 2217 portuens,

63 2261 65 2265 .
83 2231 111 2282 u-
120 2226 186 2270 senaa.
196 2228 237 2262 eine
244 2226 377 2262 altertumliche
386 2227 448 2272 Fam,
508 2238 539 2273 aa
553 2241 569 2272 1.
581 2238 764 2282 transumatur,
776 2240 812 2285 vgl.
821 2242 849 2276 25.
858 2245 876 2277 2.

57 2285 127 2321 welche
139 2284 267 2320 inoffiziellen
274 2284 448 2321 Redensartenbei-
485 2316 508 2321 -
525 2296 594 2341 pratia,
613 2297 754 2333 einnehmendes
770 2298 876 2344 Entgegen.

58 2344 148 2379 behalten
159 2343 228 2387 warde,
240 2344 274 2379 wie
286 2343 345 2378 seoda
354 2343 449 2387 decretam,
484 2355 570 2390 110me
583 2355 626 2400 (ng
639 2357 667 2390 25¹
676 2357 701 2400 2)²
715 2355 816 2400 Gegenpfltz
829 2358 876 2394 dm

59 2401 449 2446 secolioactorltcs.—frustro,erfolglos.
484 2412 554 2457 imm,
570 2413 657 2457 geraehte
670 2414 796 2451 streperem,
813 2436 836 2441 -
852 2417 876 2452 le.
925 2417 927 2420 ·

82 2470 114 2507 26.
127 2473 143 2506 1.
156 2469 225 2513 Itala'ci,
238 2471 272 2506 wie
280 2473 309 2514 21,
318 2473 335 2508 2.
348 2470 413 2516 tapeti,
427 2488 450 2500 =
485 2471 566 2514 alebant,
578 2472 654 2508 luchten
666 2484 690 2507 zu
702 2473 785 2511 mildern.

60 2529 106 2563 socii
118 2528 189 2564 Itala'ct',
500 2532 526 2565 ·2.
536 2530 627 2574 pereocta,
641 2530 671 2565 die
679 2523 799 2568 llbermacht.
806 2552 829 2557 —
834 2544 876 2578 per,

83 2589 100 2622 2,
112 2586 157 2630 fide,
176 2586 254 2631 inbezug
273 2586 306 2622 auf
321 2587 378 2622 otram
387 2588 449 2631 pacis·
486 2587 876 2635 durchdieVermittelung,Bemuhungen.

60 2648 119 2679 octar.
252 2654 254 2656 ’
486 2644 596 2690 Ioportaoe,
616 2648 676 2682 Dativ.
698 2668 720 2673 -
741 2649 805 2692 pratia
821 2653 877 2694 atque

85 2705 102 2740 3.
113 2702 244 2748 derelictores,
262 2703 296 2740 wie
315 2703 363 2739 oben
378 2701 450 2747 Italici,
483 2705 571 2748 pecudia,
586 2704 633 2740 Geld
645 2705 682 2741 und
695 2706 757 2742 Gunlt.

60 2760 89 2796 die
97 2761 138 2796 dem
144 2761 247 2796 romischen
255 2760 411 2796 Staatsverbande
419 2771 451 2796 an·
511 2765 527 2797 3.
540 2762 625 2798 certatam
636 2764 765 2810 (delinquere),
781 2766 876 2802 Unterlal·
