1872 3089
255 120 285 148 DE
294 119 363 148 BELLO
372 120 506 149 mouaunmo
516 120 534 149 G.
540 122 606 149 aa-mo.
776 112 818 153 107

39 216 79 257 looi
102 216 221 257 difficultate
243 216 309 257 ooaoti
328 216 405 270 proelio
430 217 571 266 deterrentur,
593 230 660 269 neque
682 218 752 257 tamen
771 229 819 256 suos

40 286 122 339 lougius
137 287 193 327 abire
209 286 287 337 sinunt,
308 287 346 326 sed
366 287 453 339 utroque
473 286 525 327 oolle
544 286 675 327 multitudine
695 286 819 327 circumdato

41 355 100 396 effusi
120 357 237 397 consedere.
269 356 316 396 dein
337 356 414 396 crebris
432 356 514 408 ignibus
535 356 595 397 factis
612 357 734 410 plerumque
753 355 819 396 noetis
837 360 849 395 6

40 426 130 467 barbari
145 439 201 467 more
220 439 257 466 suo
279 425 352 467 laetari
374 426 480 466 exsultare
507 431 599 480 strepere
619 426 713 476 voeibus,
737 427 759 466 et
779 424 819 479 ipsi

41 496 104 536 duoes
119 497 204 547 feroces,
225 496 272 549 quia
286 509 328 536 non
342 496 444 549 fugerant,
463 509 500 549 pro
515 496 627 536 viatoribus
644 509 712 549 agere.
741 497 779 536 sed
794 508 819 536 ea
838 501 849 535 7

41 567 114 606 eunota
123 565 221 606 Romanis
237 579 264 606 ex
275 566 365 606 tenebris
381 567 402 605 et
410 565 531 606 editioribus
539 566 589 606 loeis
600 566 668 606 facilia
682 566 729 606 visu
736 578 819 618 magno-

40 649 80 688 que
89 636 220 675 hortamento
235 638 299 676 erant.
314 637 432 690 plurumum
449 648 499 676 vero
515 636 595 676 Marius
610 636 712 690 imperitia
729 636 819 676 hostium
836 639 862 675 99

41 706 170 747 confirmatus
191 719 252 759 quam
273 720 392 756 maxumum
412 707 517 747 silentium
537 707 613 747 haberi·
627 707 694 758 iubet3
713 720 739 746 ue
759 706 819 758 signa

44 777 135 830 quidem,
154 777 185 816 uti
200 789 238 830 per
252 777 334 829 vigilias
356 778 455 826 solebant,
474 789 554 816 canere.
585 777 659 816 deinde
677 777 713 816 ubi
732 777 770 815 lux
785 776 819 815 ad-

40 847 143 897 ventabat,
160 847 246 886 defessis
261 847 302 887 iam
317 847 410 887 hostibus
426 859 450 886 ao
465 847 525 900 paulo
545 848 593 886 ante
612 859 681 886 somno
698 846 772 900 oaptis,
793 846 819 885 de

39 918 149 969 improviso
164 917 249 969 uigiles,
269 917 319 956 item
335 917 448 956 eohortium
466 920 579 956 turmarum
598 917 703 968 legionum
718 916 818 955 tubioines

41 987 100 1027 simul
120 987 184 1026 omnis
200 986 260 1039 signa
275 999 358 1037 oanere,
374 986 448 1026 milites
464 987 573 1026 clamorem
588 986 662 1026 tollere
678 988 739 1038 atque
754 985 819 1039 portis

37 1070 147 1110 erumpere
162 1057 224 1096 iubet,
254 1057 322 1096 Mauri
337 1059 400 1109 atque
414 1056 503 1107 Gaetuli,
518 1058 588 1109 ignoto
607 1060 628 1097 et
643 1056 736 1097 horribili
751 1056 819 1096 sonitu
837 1062 848 1095 2

39 1128 125 1180 repente
140 1127 214 1176 exciti,
231 1140 298 1178 neque
313 1127 386 1178 fugere
403 1140 471 1179 neque
491 1140 547 1166 arma
562 1126 637 1179 capere
655 1139 723 1179 neque
739 1125 818 1165 omnino

40 1197 108 1237 faeere
128 1198 163 1236 ant
182 1196 292 1249 prouidere
315 1197 423 1249 quiequam
446 1198 550 1250 poterant:
573 1196 603 1236 ita
626 1198 709 1235 eunetos
732 1196 819 1249 strepitu
837 1202 848 1235 3

41 1267 129 1306 elamore
147 1266 203 1305 nullo
220 1266 363 1316 subveniente,
379 1266 454 1306 uostris
469 1266 592 1305 instantibus
608 1266 697 1305 tumultu
711 1265 819 1304 formidine

40 1341 107 1377 terror
128 1335 187 1388 quasi
204 1335 301 1375 veoordia
319 1338 408 1389 ceperat.
443 1336 530 1388 denique
555 1349 625 1375 omnes
645 1335 686 1375 fusi
706 1335 819 1388 fugatique,

41 1419 97 1447 arma
118 1407 139 1445 et
160 1405 219 1457 signa
239 1405 334 1445 militaria
353 1406 451 1458 pleraque
470 1409 540 1458 oapta,
563 1406 674 1458 pluresque
698 1419 722 1445 eo
742 1405 818 1458 proelio

41 1488 102 1528 quam
117 1474 210 1515 omnibus
225 1474 364 1527 superioribus
379 1475 502 1528 interempti.
532 1488 580 1515 nam
595 1488 665 1516 somno
682 1476 703 1514 et
718 1477 775 1515 metu
790 1476 820 1515 in-

43 1546 101 1586 solito
117 1545 215 1598 impedita
229 1545 284 1597 fuga.

100 1614 153 1654 Dein
172 1614 262 1664 Marius,
285 1614 316 1653 uti
336 1617 439 1667 coeperat,
459 1614 481 1654 in
501 1614 586 1654 hiberna
605 1613 863 1667 profieisoitur,qnae100

41 1686 125 1738 propter
136 1684 269 1724 oommeatum
279 1683 300 1724 in
310 1683 392 1737 oppidis
400 1684 513 1724 maritumis
524 1697 587 1737 agere
602 1684 728 1724 decreverat.
753 1697 820 1736 neque

37 1758 111 1795 tamen
121 1754 206 1795 viatoria
216 1767 285 1794 sooors
296 1759 332 1794 aut
341 1755 432 1794 insolens
446 1755 519 1804 iaetus,
535 1756 572 1794 sed
583 1755 660 1808 pariter
670 1756 731 1806 atque
741 1754 763 1793 in
775 1767 821 1794 oon-

42 1826 115 1879 speetu
130 1824 219 1865 hostium
238 1824 337 1877 quadrato
357 1825 438 1877 agmine
459 1825 561 1865 incedere.
590 1823 648 1865 Sulla
666 1837 712 1864 oum
730 1824 822 1877 equitatu
839 1829 851 1863 2

66 1952 82 1987 5.
94 1950 129 1986 lori
141 1950 261 1994 difficaltate,
278 1950 431 1986 naohdemnam-
467 1949 563 1985 aleatorem
582 1950 654 1993 tollere,
675 1949 710 1985 den
731 1949 856 1996 Scblaehtruf,

42 2010 81 2045 lieh
99 2008 128 2044 die
146 2009 216 2044 Romen
235 2008 264 2044 die
283 2009 344 2054 Hbgel
361 2009 431 2045 beletzt
468 2009 501 2045 das
524 2008 672 2053 Feldgesohrei‚·
686 2008 718 2043 das
736 2008 800 2044 Hurra
823 2008 856 2044 des

42 2068 141 2104 hatten-
149 2066 210 2109 effusi,
223 2068 242 2102 in
254 2067 324 2112 weber,
337 2067 388 2102 nieht
400 2078 430 2112 ge·
466 2066 548 2111 Angriffs
561 2066 648 2101 erhehen.

42 2125 151 2162 lohloiiener
163 2124 221 2162 Linie.
490 2127 507 2163 3.
519 2124 623 2169 tormidine,
641 2123 678 2169 vgl.
693 2125 721 2161 66.
734 2127 752 2161 2,
768 2144 791 2149 -
809 2127 858 2159 meta

66 2185 83 2222 6.
91 2183 199 2228 plerumque
210 2182 275 2227 noetis,
287 2182 323 2227 vgl.
335 2186 364 2219 21.
378 2186 395 2220 2.
409 2203 429 2209 -
466 2182 547 2232 insolito,
560 2183 653 2227 mitbezng
661 2183 695 2218 anf
701 2193 779 2218 somno„
790 2183 858 2219 Milton

39 2241 251 2287 provietoaabaaapere,
263 2242 368 2288 wieSieger
379 2242 431 2287 thnn,
467 2252 501 2278 ans
520 2241 561 2277 dem
579 2240 643 2277 Soblaf
660 2240 803 2286 anigelcheuoht
822 2252 857 2277 em·

43 2300 79 2336 [ioh
91 2300 119 2335 als
133 2299 197 2345 Sieger
209 2300 308 2345 gebarden.
467 2300 549 2345 pfnnden
567 2300 591 2336 fle
609 2311 632 2335 zu
650 2300 704 2336 recht
723 2300 857 2345 nngewohnter

67 2360 83 2393 7.
97 2358 218 2404 obtenebras,
234 2369 270 2395 von
284 2358 343 2395 ihrem
357 2357 432 2394 finibern
467 2359 509 2394 Zeit
533 2359 574 2394 eine
598 2359 696 2404 plotzliebe
716 2359 794 2394 Furoht.
822 2358 858 2395 Um

43 2416 104 2460 Lagei
116 2426 155 2452 ans.
245 2414 247 2416 ’
467 2417 579 2453 solebeZeit
591 2417 691 2454 inFureht
704 2416 858 2462 gejagtznner-

468 2476 509 2521 den,
521 2471 623 2522 war-nieht
635 2475 756 2520 gewohnlioh.

67 2521 98 2557 99.
112 2523 128 2556 1.
144 2520 200 2567 sluaa
218 2532 290 2567 cauere,
310 2522 346 2567 vgl.
366 2523 394 2560 94.
415 2523 431 2558 5.

43 2580 116 2616 undere
127 2579 208 2624 logleioh
223 2580 285 2624 oiailes
298 2601 319 2606 —
332 2581 386 2625 siqua
402 2591 432 2616 ea·
467 2567 856 2605 10⁰·101·M⁸fiUSZi⁹hil¹1ffi0Wifli0¹-'·

43 2649 86 2674 aare
97 2638 151 2675 tanea.
160 2657 181 2663 -
187 2649 223 2682 aa
234 2638 313 2683 alarias,
326 2639 355 2675 ae
363 2639 432 2675 auant·
479 2627 578 2672 quatiere
589 2627 629 2663 unu
640 2627 696 2663 rusa
707 2626 739 2663 uei
751 2625 805 2664 unsa
817 2627 853 2663 aut

44 2698 119 2733 warhan
131 2696 233 2741 hindnroh‚
249 2697 266 2735 d.
279 2697 290 2733 i.
307 2697 348 2734 hier
358 2697 430 2743 jeweils
536 2686 633 2730 Illgfflflla
644 2686 684 2722 unu
692 2685 786 2722 1308011115·

44 2756 74 2791 bei
87 2756 119 2791 der
132 2755 225 2800 Abloinng
241 2766 277 2791 von
289 2756 321 2791 der
334 2757 387 2792 einen
400 2768 432 2792 zur
490 2756 534 2792 100.
548 2758 564 2795 1.
576 2757 605 2791 ata·
617 2760 706 2801 coeperat,
718 2757 754 2801 vgl.
767 2759 796 2792 97.
809 2759 825 2792 3.
835 2776 858 2782 -

44 2813 115 2850 andern
134 2814 166 2850 den
187 2814 226 2850 vier
245 2813 388 2851 Naohtwaohen.
408 2834 432 2840 -
468 2814 561 2860 qrradrato
575 2815 652 2860 sumine,
666 2815 741 2851 ahnlich
753 2815 786 2851 wia
799 2816 828 2850 46.
841 2817 858 2851 6.
