1872 3089
256 104 603 135 nanuuuoruouurruuoo.1o-12.
792 95 821 137 13

43 204 114 244 honori
130 204 216 253 duaitur,
231 203 334 256 Iugurtha
349 203 407 243 foret.
438 203 485 243 dein
501 210 568 243 tamen
583 208 607 243 ut
620 204 682 243 aetati
698 203 845 243 concederat

43 274 142 327 fatigatus
158 286 170 314 a
185 275 258 323 fratre,
280 274 317 313 vix
336 274 357 312 in
375 275 455 327 partem
469 274 560 313 valteram
575 275 707 314 transductus
726 276 762 312 est.
792 272 845 311 ibi5

44 357 90 384 eum
104 345 168 384 multa
183 345 209 384 de
225 344 383 383 administrando
399 343 483 397 imperio
499 344 632 394 dissererent,
650 343 752 397 Iugurtha
766 343 821 383 inter

44 415 95 455 alias
110 428 144 454 res
159 414 213 464 iaeit
229 418 324 467 oportere
339 414 463 466 quinquenni
479 413 571 454 consulta
584 418 606 455 et
616 415 698 454 deoreta
708 414 775 454 omnia
790 427 821 453 re-

44 485 118 525 seindi:
137 497 184 524 nam
202 498 240 537 per
259 497 283 524 ea
303 489 395 537 tempora
413 485 528 525 eonfeotnm
544 486 603 524 annis
619 485 725 537 Micipsam
748 497 821 537 parum

44 556 110 595 animo
130 555 227 594 valuisse.
257 557 301 594 tum
313 555 368 594 idem
379 555 485 608 Hiempsal
497 555 629 608 plaeeresibi
643 555 759 608 respondit:
774 559 846 594 nam6

43 626 110 679 ipsum
124 625 181 664 illum
196 625 262 665 tribus
277 625 382 678 proxumis
398 625 456 665 annis
471 625 602 678 adoptatione
616 626 637 664 in
651 638 737 677 regnum
747 638 821 678 perve-

10 687 11 690 ¹
43 695 105 735 nisse.
136 696 189 747 quod
209 697 296 735 verbum
310 696 332 734 in
346 700 419 748 peotus
432 695 547 747 Iugurthae
562 695 622 735 altius
638 708 699 747 quam
714 695 845 747 quisquam7

43 769 164 806 ratusverat
180 766 291 805 deseendit.
321 766 390 818 itaque
406 779 433 805 ex
449 778 472 805 eo
488 769 579 818 tempore
593 766 624 805 ira
639 768 661 805 et
675 770 732 805 metu
747 767 845 805 anxius8

44 836 109 876 moliri
128 848 201 889 parare
217 841 278 887 atque
299 849 324 875 ea
338 837 397 875 modo
413 849 459 875 oum
475 836 540 875 animo
556 836 643 886 hahere,
662 837 735 888 quibus
751 836 822 875 Hiem-

44 907 89 959 psal
107 919 144 959 per
163 907 230 946 dolum
252 909 364 959 caperetur.
395 919 448 959 quae
465 907 501 946 ubi
521 906 600 945 tardius
619 908 733 959 procedunt
753 913 844 959 nepueu

4 996 5 999 =
44 977 120 1016 lenitur
136 976 214 1016 animus
229 976 295 1026 ferox,
311 976 383 1016 statuit
398 976 470 1029 quovis
485 976 544 1016 modo
560 976 663 1029 inceptum
678 976 783 1030 perficere.

102 1047 169 1086 Primo
185 1049 296 1097 conventu,
313 1059 375 1100 quem
389 1048 414 1086 ab
430 1047 508 1098 regulis
524 1047 600 1086 factum
619 1059 682 1099 supra
701 1047 820 1097 memoravi,
832 1049 858 1085 12

43 1120 127 1170 propter
143 1116 290 1156 dissensionem
308 1118 414 1170 placuerat
429 1117 493 1157 dividi
511 1118 619 1157 thesauros
640 1117 728 1170 finisque
749 1118 821 1171 imperi

45 1186 131 1239 singulis
150 1187 250 1227 constitui.
280 1188 349 1240 itaque
369 1192 449 1241 tempus
471 1189 497 1228 ad
512 1190 620 1240 utramque
638 1200 683 1227 rem
698 1188 845 1237 decernitur‚2

45 1258 82 1297 sed
97 1257 196 1297 maturius
212 1257 238 1296 ad
253 1257 360 1310 peouuiam
372 1258 538 1300 distribuendam.
569 1257 636 1310 reguli
645 1257 731 1299 ⁴interea
745 1257 766 1297 in
776 1258 821 1297 looa

45 1328 159 1381 propinqua
181 1328 284 1367 thesauris
309 1328 361 1368 alius
386 1328 424 1368 alio
449 1341 579 1368 concessare.¹
609 1328 647 1367 sed
667 1327 772 1381 Hiempsal
800 1329 846 1368 in3

15 1421 17 1424 v
46 1398 118 1451 oppido
135 1397 239 1438 Thirmida
254 1398 306 1438 forte
322 1399 366 1437 eins
386 1399 444 1438 domo
459 1399 565 1448 utebatur,
586 1399 621 1451 qui
635 1411 747 1451 proxumus
762 1398 822 1438 liotor

45 1468 158 1521 Iugurthae
174 1481 233 1508 oarus
248 1472 385 1522 acceptusque
405 1470 424 1509 ei
440 1482 521 1523 semper
542 1469 614 1509 fuerat.
646 1482 706 1521 quem
722 1469 757 1508 ille
773 1481 821 1508 oasn

45 1539 160 1594 ministrum
170 1539 259 1596 oblatum
268 1539 374 1593 promissis
385 1542 456 1580 onerat
465 1539 597 1593 impellitque,
607 1539 637 1579 uti
648 1542 752 1592 tamquam
763 1552 821 1578 suam

45 1608 115 1649 visens
136 1596 217 1656 domum
236 1612 277 1661 eat,
298 1615 402 1664 portarum
422 1610 486 1651 clavis
506 1611 632 1650 adulterinas
651 1616 711 1663 paret
727 1634 753 1639 —
774 1623 822 1649 nam

45 1691 108 1720 verae
128 1680 154 1719 ad
169 1680 309 1734 Hiempsalem
323 1681 465 1722 referebantur
483 1705 506 1710 —
525 1685 624 1730 ueterum,
644 1680 679 1720 ubi
699 1693 733 1720 res
753 1683 822 1734 postu-

22 1866 23 1869 *
68 1820 86 1856 4.
97 1818 191 1864 fatientes
204 1829 216 1854 a
227 1810 293 1863 fratre,
306 1818 339 1855 aui
349 1819 433 1865 dringen-
468 1820 551 1864 Teilnng.
575 1820 644 1856 Keiner
657 1824 719 1855 traute
732 1818 772 1854 dem
780 1818 858 1861 andern,

17 1870 23 1876 ”
46 1876 78 1913 des
95 1878 157 1913 Bitteu
175 1878 208 1914 des
226 1878 312 1914 Bruders.
331 1897 353 1903 -
371 1882 432 1913 traus-
468 1876 857 1924 undliehgegenseitigvorfiohidrchtend

46 1935 112 1971 duetus
124 1940 156 1980 est,
168 1948 188 1973 er
196 1936 232 1983 lieJt
244 1936 281 1972 [ioh
289 1936 394 1972 beltimmen
402 1936 434 1972 ani
467 1938 542 1974 wollten
558 1937 582 1974 lie
604 1937 654 1973 auoh
673 1937 726 1973 nieht
746 1935 858 1972 zusammen·

46 1994 75 2031 die
86 1994 154 2031 audere
167 1995 217 2031 Seite
229 2006 252 2030 zu
264 1995 341 2040 11111111.Ὶ
467 1997 551 2033 wohuen.

69 2055 86 2090 5.
98 2064 168 2098 param
184 2053 245 2088 auimo
263 2053 350 2097 ualuisse,
370 2064 390 2090 er
408 2053 432 2089 l'ei
491 2059 508 2092 3.
516 2066 621 2100 proruamus
638 2054 702 2099 tiator,
722 2054 754 2090 der
772 2053 859 2089 zunaohlt

45 2111 97 2148 nicht
108 2112 160 2148 mehr
172 2112 202 2148 bei
214 2108 272 2148 valler
283 2112 366 2157 guittiger
377 2111 433 2147 Kraft
468 2125 501 2158 vor
514 2114 554 2150 dem
565 2113 668 2149 romischen
680 2113 770 2149 Beamten
785 2112 857 2148 einher·

45 2171 131 2216 genesen
320 2200 332 2223 0
468 2173 551 2219 gehende
559 2172 629 2218 Liktor,
638 2171 676 2207 allo
686 2172 716 2208 ein
724 2172 752 2206 als
759 2170 858 2207 helonders

69 2233 206 2274 aratmerar,
219 2229 433 2274 dusPlusqnamperfekt
469 2233 547 2278 ergeben
566 2232 667 2267 erkannter
691 2231 763 2266 Liktor.
795 2229 858 2265 Romi-

45 2299 79 2324 aus
92 2289 133 2324 dem
142 2288 187 2325 Sinn
199 2288 231 2324 des
239 2288 300 2333 spater
310 2288 433 2324 erzahlenden
467 2292 509 2328 lohe
517 2291 576 2327 Sitten
588 2290 626 2326 und
632 2287 857 2334 Einrichtungenwerden

46 2346 192 2383 Schriftltellers.-
360 2366 361 2369 =
468 2349 530 2394 haufig
550 2359 585 2384 von
602 2347 805 2384 Gelohicnucnreihern
819 2347 858 2382 und

69 2408 86 2442 8.
106 2416 146 2441 oum
166 2406 227 2442 naimo
245 2405 317 2450 linoae,
337 2405 362 2440 im
379 2405 433 2441 Sinne
468 2407 559 2443 Dichtern
571 2407 604 2443 auf
614 2405 859 2442 ahnliohefremdlandilohe

44 2465 117 2501 fdhren.
468 2467 585 2511 ubertragen.
598 2485 621 2492 -
637 2476 688 2510 quem
700 2464 822 2508 -oblatum,
835 2464 858 2499 da

69 2524 100 2560 12.
117 2527 195 2568 propter
213 2523 351 2567 dissensionem
370 2534 433 2568 wegen
469 2537 506 2561 nun
523 2524 580 2561 dieser
593 2533 600 2562 ,¹
611 2555 615 2562 .
628 2552 633 2561 .
646 2524 708 2568 hatte,
724 2523 743 2559 lo
757 2523 860 2560 uberhanlt

47 2583 79 2620 der
86 2584 106 2619 in
115 2583 148 2618 der
156 2583 214 2618 erlten
222 2581 384 2618 anammenkunft
391 2583 433 2618 her·
468 2583 506 2619 ihn.
518 2583 555 2627 ille,
564 2582 660 2628 Jngurtha.
668 2602 688 2608 -
698 2585 792 2627 tamquam
799 2592 858 2625 ezram,

45 2647 187 2686 vorgetreteneu
211 2641 437 2686 Meinuugsverlohiedem
469 2643 497 2677 als
509 2642 547 2677 lein
555 2641 653 2686 Eigentnm
662 2640 724 2687 mutire
737 2650 756 2676 es
764 2641 802 2676 ihm
810 2641 858 2676 wohl

45 2701 83 2738 heit
100 2699 177 2736 betreffs
197 2700 384 2745 gemeinschaftlicher
396 2701 433 2736 Re-
469 2711 502 2736 zur
514 2700 642 2744 Befiohtigung
654 2698 702 2735 offen
718 2698 786 2743 slehen,
805 2710 858 2735 weun

45 2759 127 2804 gierung.
430 2796 433 2809 ἱ
470 2770 490 2795 es
502 2759 550 2794 anuh
562 2770 597 2795 von
613 2759 672 2794 einem
687 2757 758 2793 anderu
774 2758 860 2793 heuohnt

69 2819 179 2863 alatam,
197 2818 226 2853 bis
238 2828 271 2853 zur
283 2818 388 2854 Vornahme
400 2818 433 2854 der
469 2828 512 2853 uar.
524 2837 547 2843 -
559 2817 690 2861 referebantur.
709 2817 747 2852 Das
756 2816 859 2861 lmperfekt
