1872 3089
121 75 149 117 64
403 86 421 115 o.
431 67 611 115 sununsrrunrsrr

85 186 108 220 55
178 181 265 221 Interim
278 182 356 222 Romae
366 183 463 235 gaudium
477 183 551 236 ingens
566 186 632 224 ortum
643 184 730 237 eognitis
737 184 818 224 Metelli
826 186 894 234 rebus,

119 255 143 291 ut
158 264 220 304 seque
241 257 263 293 et
278 253 390 293 exereitum
410 266 466 293 more
481 253 579 293 maiorum
594 258 688 305 gereret,
707 254 732 293 inv
748 254 834 294 advorso
849 255 893 296 lo'oo

120 322 186 362 vietor
204 326 273 363 tamen
291 323 368 362 virtute
387 323 468 372 luisset,
484 324 571 363 hostiurn
586 337 635 375 agro
650 324 756 376 potiretur,
772 323 896 377 Iugurtham

120 392 249 444 magnifieum
270 406 298 432 ex
312 393 382 432 Albini
405 393 497 433 sooordia
518 406 575 446 spem
597 393 668 433 salutis
689 394 710 433 in
730 394 839 434 solitudine
859 401 894 435 aut

97 461 170 514 2fuga
192 463 294 515 coegisset
315 463 397 503 habere.
428 463 498 516 itaque
514 465 638 504 senatus‘ob
654 477 678 504 ea
693 464 781 504 feliciter
795 470 841 504 aeta
862 465 893 505 dis

119 524 266 571 immortalibus
281 532 506 585 supplieiadeoernere,
522 533 595 572 eivitas
609 534 691 586 trepida
706 537 767 574 antea
777 539 798 573 et
808 534 894 575 sollicita

120 601 146 640 de
165 602 213 641 belli
232 599 308 641 eventu
327 602 382 642 laete
397 615 471 655 agere,
495 603 520 641 de
540 602 624 643 Metello
644 604 698 643 fama
717 604 823 657 praeelara
841 617 893 644 esse.

97 672 182 723 rigitur
196 684 220 711 eo
235 672 330 711 intentior
349 673 376 711 ad
396 673 503 712 victoriam
520 672 568 722 niti,
590 673 682 713 omnibus
702 674 767 713 modis
790 673 893 724 festinare,

120 753 193 781 cavere
208 745 276 780 tamen
290 742 364 780 neoubi
379 741 431 781 hosti
441 744 565 794 opportunus
579 742 644 793 fieret,
658 743 774 782 meminisse
788 747 836 796 post
850 738 893 795 glo-

96 810 171 849 4riam
185 810 282 850 invidiam
297 811 361 863 sequi.
385 811 414 850 ita
429 824 469 863 quo
480 811 553 851 olarior
568 816 618 862 erat,
635 825 658 851 eo
673 813 738 864 magis
754 813 827 853 anxius
843 818 893 863 erat,

119 892 186 932 neque
201 884 248 933 post
262 880 347 920 insidias
362 878 475 933 Iugurthae
491 880 554 921 effuso
570 882 663 921 exercitu
677 881 783 935 praedari3
798 882 833 921 ubi
852 882 893 922 frn-

119 952 186 990 mento
206 955 242 990 aut
261 951 335 1003 pabulo
351 964 402 1004 opus
422 955 472 1001 erat,
487 951 584 992 cohortes
595 964 641 991 eum
655 952 709 991 omni
728 952 821 1004 equitatu
835 964 893 1005 prae-

119 1020 193 1059 sidinm
208 1021 322 1072 agitabant3
338 1022 442 1061 exereitus
452 1025 531 1074 partem
541 1023 591 1074 ipse,
606 1021 695 1074 reliquos
706 1021 784 1061 Marius
800 1022 892 1062 dueebat.

96 1097 106 1128 ὁ
120 1091 157 1129 sed
168 1091 212 1142 igni
223 1091 288 1142 magis
297 1104 359 1143 quam
374 1092 451 1144 praeda
467 1103 516 1143 ager
526 1092 650 1131 vastabatur.
682 1092 760 1131 duobus
774 1091 823 1131 loeis
837 1092 893 1138 haud
926 1128 928 1133 .

97 1147 246 1211 sslongeinter
258 1173 279 1199 se
295 1165 362 1200 eastra
377 1161 484 1200 feriebant.
514 1161 549 1200 ubi
564 1161 585 1200 vi
596 1173 646 1214 opus
657 1151 707 1211 erat,
723 1161 790 1200 euneti
800 1162 891 1201 aderant.

96 1237 106 1269 7
120 1235 209 1269 aeterum
222 1243 260 1282 quo
275 1231 325 1282 fuga
340 1234 403 1283 atque
417 1231 502 1270 formido
512 1230 574 1270 latius
587 1234 695 1279 oresoeret,
711 1231 787 1270 divorsi
797 1233 892 1283 agebant.

96 1305 107 1338 8
120 1313 144 1339 eo
159 1305 250 1352 tempore
265 1299 367 1352 Iugurtha
380 1313 418 1353 per
433 1300 490 1340 eollis
506 1301 570 1353 sequi,
585 1306 665 1353 tempus
681 1303 716 1339 ant
730 1301 796 1340 looum
811 1302 892 1354 pugnae
917 1341 919 1344 ,

119 1382 227 1421 quaerere,
248 1382 288 1422 qua
302 1373 411 1409 venturum
429 1370 509 1409 hostem
524 1370 625 1419 audierat,
645 1371 743 1422 pabulum
758 1373 779 1411 et
794 1383 892 1422 aquarum

118 1439 186 1488 fontis,
202 1431 287 1492 quornm
302 1440 387 1492 penuria
403 1443 452 1489 erat,
469 1452 604 1493 eorrumpere,
622 1442 684 1487 modo
698 1453 720 1479 se
731 1439 814 1480 Metello
830 1441 892 1480 inter-

104 1509 167 1549 dum
182 1509 247 1549 Mario
264 1511 381 1560 ostendere,
400 1513 513 1563 postremos
529 1510 549 1549 in
571 1511 652 1562 agmine
670 1513 770 1566 temptare
785 1522 810 1550 ao
825 1510 893 1567 statim

118 1580 139 1619 in
155 1580 212 1619 oollis
227 1580 316 1631 regredi,
336 1592 407 1619 rursus
423 1580 467 1619 aliis
482 1583 528 1633 post
543 1580 587 1620 aliis
602 1580 697 1630 minitari,
713 1593 779 1632 neque
794 1580 893 1633 proelium

118 1649 188 1689 faeere
198 1662 264 1701 neque
280 1649 342 1690 otium
357 1650 404 1702 pati,
421 1650 558 1690 tantummodo
569 1650 648 1690 hostem
664 1651 689 1690 ab
704 1650 784 1702 incepto
798 1651 892 1689 retinere.

107 1787 137 1823 bh.
151 1791 167 1822 1.
179 1787 261 1829 interim,
280 1786 366 1822 wahrend
380 1787 412 1822 der
424 1786 470 1822 Vor·
506 1787 570 1830 gehen.
578 1786 893 1831 -praesidirmaytrabaatwaren

83 1848 143 1889 gange
155 1845 203 1879 naoh
216 1844 247 1879 der
254 1844 340 1879 Sohlaeht
353 1855 382 1880 am
391 1845 471 1882 Muthul.
505 1855 538 1879 zur
551 1844 663 1888 Bedeokung
675 1844 734 1882 dabri.

84 1922 105 1928 -
113 1907 135 1937 ot
145 1913 197 1948 saque
205 1922 227 1927 -
233 1906 307 1948 erraret,
318 1905 354 1939 wie
362 1915 383 1939 er
390 1904 427 1939 lioh
434 1904 471 1939 und
530 1904 547 1938 6,
559 1906 621 1938 eastra
631 1903 731 1947 sariebant,
747 1903 811 1938 hatten
822 1902 893 1946 jeweils

85 1962 117 1996 das
125 1961 175 1997 Heer
186 1961 404 2006 haita—moyrrdtrum,
416 1962 469 2007 grell-
505 1960 535 1995 ihr
552 1960 623 2004 hager,
646 1960 726 1995 namlioh
745 1960 842 2000 Metellus
855 1960 893 1995 und

84 2020 159 2057 thuend.
506 2017 584 2053 Marius.
679 2058 682 2066 Δ

106 2082 123 2114 2.
135 2077 227 2122 supplicia
238 2094 262 2106 =
274 2078 426 2122 simplicotioues,
440 2090 471 2113 zu·
530 2079 547 2111 7.
559 2075 583 2120 oi,
597 2076 637 2111 eine
646 2074 701 2121 grojle
709 2074 893 2120 Krafranstrengung.

83 2136 237 2180 naehltBittlelte,
244 2136 471 2181 dannallgemeinGotter·
507 2134 574 2177 eoacti,
587 2134 629 2179 alle,
642 2133 658 2168 d.
666 2135 677 2169 i.
686 2133 716 2177 die
724 2133 789 2168 beiden
797 2134 849 2169 Teile
862 2134 893 2170 des

83 2195 132 2238 felte,
145 2194 300 2231 hierDankfelte,
312 2214 335 2220 —
351 2195 400 2229 laeto
412 2206 471 2239 onere,
506 2191 578 2227 Heeres
594 2192 666 2227 vereint
684 2192 803 2235 (coaluerit).
823 2211 845 2216 —
866 2191 893 2226 di·

84 2253 118 2297 gab
130 2252 167 2288 [ioh
180 2252 212 2288 der
224 2253 297 2288 Frende
308 2253 346 2288 hin.
507 2249 557 2284 voror·
565 2250 649 2295 arebant,
657 2249 681 2285 lie
690 2249 795 2294 operierten
802 2254 894 2295 getrennt.

108 2314 124 2347 3.
137 2321 157 2346 eo
172 2310 261 2346 intentior
273 2311 298 2346 aa
315 2311 414 2347 victoriam
429 2311 471 2356 triti,
531 2310 548 2346 8.
557 2318 638 2354 poenae,
651 2307 681 2344 fur
694 2308 730 2344 den
741 2308 895 2353 Remi—aliis

84 2381 114 2405 um
126 2370 145 2405 so
153 2370 288 2413 angeltrengter
301 2369 335 2404 bot
344 2380 364 2404 er
372 2369 408 2406 alle
416 2370 471 2405 Kraft
503 2370 549 2411 post
566 2366 609 2401 aliis
624 2366 715 2410 attaliam,
735 2366 824 2402 bedrohte
841 2367 894 2403 einen

62 2461 67 2464 .
84 2429 121 2472 aul,
128 2428 163 2464 den
171 2427 284 2473 endgiltigen
290 2428 332 2472 Sieg
340 2439 364 2463 nu
371 2429 471 2472 gewinnen.
506 2424 547 2460 Teil
558 2425 606 2460 nach
614 2425 654 2460 dem
662 2424 732 2460 andern
740 2424 791 2470 [griff
801 2425 852 2460 nieht
859 2435 895 2460 nur

83 2486 261 2531 -neoubi—fieret,
268 2486 302 2534 dall
311 2498 331 2523 er
338 2487 424 2532 nirgends
432 2487 472 2522 dem
508 2483 542 2519 den
553 2483 647 2519 Nachtrab
660 2483 697 2526 anl.
709 2503 733 2509 -
744 2494 801 2527 raeque
813 2503 836 2508 —
845 2484 910 2528 potis

83 2546 154 2582 Feinde
166 2547 206 2581 eine
219 2544 275 2592 Blbjle
287 2545 341 2590 gebe.
350 2565 373 2571 -—
378 2549 422 2590 post
433 2545 471 2590 ylo·
507 2554 527 2579 er
539 2543 574 2589 liejl
588 2554 607 2579 es
619 2543 720 2578 zukeinem
728 2541 797 2585 Kampf
809 2532 893 2578 Iiommen

84 2605 137 2648 rtarrt,
149 2604 221 2640 zeitlieh
229 2604 345 2639 znnehmen.
369 2603 423 2640 Naoh
431 2603 472 2640 dem
507 2602 544 2637 und
561 2601 608 2638 auch
623 2601 677 2637 keiue
689 2601 743 2637 Ruhe
755 2600 807 2636 Platz
817 2599 894 2645 greifen.

83 2664 145 2699 Ruhm
157 2664 226 2699 kommt
239 2663 271 2698 der
284 2662 337 2699 Neid.
508 2680 530 2688 -
548 2661 571 2696 ab
589 2661 672 2706 incepto,
689 2671 726 2696 ron
743 2659 809 2696 l'einem
827 2659 895 2696 Unter-

107 2726 125 2758 4.
131 2722 187 2765 efflrso
194 2723 272 2757 erercr'tu
277 2721 374 2766 praedari,
383 2721 416 2756 mit
422 2722 472 2756 weit·
507 2721 591 2765 nahmen,
603 2730 654 2756 wenn
664 2730 685 2755 er
697 2724 753 2754 etwas
762 2718 894 2754 unternehmen
909 2714 910 2721 ’

84 2781 116 2817 hin
134 2781 276 2825 ausgedehntem
291 2780 341 2816 Heer
361 2779 395 2815 auf
414 2780 473 2815 Beute
508 2778 574 2815 wollte.
