1872 3089
88 48 131 90 100
372 57 390 87 c.
399 58 502 88 sununsrr
512 59 582 88 earsrr

88 155 146 195 aditu
157 153 251 203 difficilis,
265 167 331 206 genus
341 154 444 195 hominum
454 156 528 196 mobile
538 155 630 207 infidum,
646 155 712 210 [ante]
723 169 791 209 neque
806 157 867 197 benc-

87 224 209 276 dicioneque
224 227 280 264 metu
296 225 412 267 coercitum.

52 299 76 336 92
146 295 257 346 Postquam
276 295 354 334 tantam
368 307 412 334 rem
427 294 506 335 Marius
526 296 571 336 siue
586 297 628 337 ullo
644 309 726 337 suorum
740 297 867 338 incommodo
928 319 930 322 ⁴

87 365 178 418 peregit,
193 376 280 416 magnus
296 366 318 403 et
328 363 395 404 clarus
407 368 467 404 antea
476 365 541 404 maior
551 368 613 418 atque
628 367 700 406 clarior
710 365 781 406 haberi
793 367 866 420 coepit.

64 442 76 475 2
89 434 156 475 omnia
170 446 213 474 nan
222 434 275 473 bene
286 434 379 474 consulta
389 433 410 473 in
421 434 519 474 virtutem
529 435 669 476 trahebantur.
684 435 759 476 milites
775 437 867 477 modesto

87 505 172 558 imperio
191 503 256 544 habiti
279 504 339 543 simul
362 507 383 542 et
403 504 516 557 locupletes
535 505 562 545 ad
580 506 659 546 caelum
677 506 741 556 ferre,
763 506 866 547 Numidae

88 574 154 626 magis
165 586 225 626 quam
235 572 341 613 mortalem
352 572 430 624 timere,
446 577 549 627 postremo
563 587 638 624 amnes,
654 575 703 615 sccii
718 579 780 627 atque
790 576 866 625 hostes,

88 644 174 684 credere
188 642 219 682 illi
229 644 265 682 aut
279 645 369 682 mentem
388 642 478 699 divinam
498 656 544 683 esse
563 646 599 683 ant
619 644 704 684 deorum
723 647 774 685 nutu
793 650 867 686 cuncta

65 712 189 767 aportendi
220 712 258 751 sed
273 712 352 761 consul,
372 712 407 751 ubi
422 725 447 752 ea
465 725 499 751 res
520 713 573 752 bene
594 714 672 764 evenit,
692 715 719 753 ad
735 714 774 754 alia
792 715 866 768 oppida

87 783 162 838 pergit,
176 795 242 836 pauca
256 781 418 835 repugnantibus
429 781 523 822 Numidis
539 782 599 835 capit,
614 783 674 837 plura
685 784 767 824 deserta
782 786 867 838 propter

48 896 49 899 Ἴ
89 852 223 906 Capsensium
242 851 335 891 miserias
353 852 397 903 igni
417 852 540 904 corrumpit:
562 852 619 892 luctu
642 855 704 905 atque
719 854 783 893 caede
800 855 867 895 amnia
928 841 930 846 ‘

64 923 220 976 reamplentur.
252 922 341 974 denique
356 921 426 961 multis
444 921 494 961 lacis
514 922 590 974 potitus
609 934 633 961 aa
651 921 756 975 plerisque
772 923 866 963 exercitu

87 993 200 1041 incruento,
209 990 276 1031 ¹aliam
291 1003 335 1030 rem
350 990 471 1043 aggreditur
485 1003 526 1030 ncn
545 992 617 1031 eadem
632 991 744 1045 asperitate
760 1005 800 1044 qna
815 988 873 1047 Gap?
894 1038 895 1041 Ἴ

89 1063 186 1111 sensium,
201 1064 292 1101 ceterum
307 1061 362 1100 haud
373 1073 437 1100 secus
453 1060 563 1106 difficilem.
823 1068 824 1071 ’

65 1138 76 1171 5
146 1131 241 1183 Namque
258 1131 315 1170 haud
332 1131 393 1182 longe
412 1144 424 1170 a
444 1131 527 1169 flumine
542 1131 662 1180 Muluccha,
683 1132 737 1183 quod
752 1130 866 1183 Iugurthae

88 1202 206 1254 Bocchique
219 1213 307 1252 regnum
323 1200 448 1252 diiungebat,
463 1202 508 1240 erat
522 1200 576 1240 inter
587 1203 676 1240 ceteram
689 1200 794 1253 planitiem
809 1214 866 1241 mans

89 1284 172 1320 saxeus,
190 1270 287 1309 mediocri
305 1270 388 1309 castello
407 1269 457 1309 satis
472 1273 550 1323 patens,
569 1270 591 1309 in
605 1271 727 1309 immensum
743 1270 810 1310 editus
825 1284 865 1311 unc

88 1342 214 1394 perangusto
230 1340 287 1379 aditu
302 1340 383 1379 relicto:
402 1352 449 1379 nam
469 1340 534 1379 curnis
555 1341 629 1378 natura
647 1341 705 1379 velut
722 1352 784 1393 opere
803 1343 866 1393 atque

65 1417 76 1451 6
89 1412 181 1451 consulto
196 1422 300 1463 praeceps.
332 1423 393 1462 quem
408 1411 475 1449 locum
489 1409 574 1459 Marius,
591 1410 645 1461 quod
660 1409 689 1449 ibi
704 1409 760 1461 regis
775 1411 867 1450 thesauri

89 1482 157 1529 erant,
173 1492 251 1518 summa
265 1480 287 1518 vi
307 1491 381 1532 capere
395 1480 489 1519 intendit.
520 1480 558 1518 sed
573 1492 598 1518 ea
613 1491 647 1518 res
666 1479 718 1519 forte
737 1491 799 1530 quam
820 1492 867 1519 ccn-

66 1550 134 1590 7sili0
155 1549 228 1589 melius
249 1552 323 1601 gesta..
344 1562 391 1589 nam
407 1550 491 1590 castello
510 1550 600 1589 virorum
616 1552 678 1601 atque
699 1561 800 1588 armorum
816 1549 866 1589 satis

89 1625 110 1661 et
124 1632 200 1673 magna
217 1620 249 1659 ris
264 1620 359 1659 frumenti
375 1624 396 1659 et
416 1620 461 1659 fons
477 1632 550 1671 aquae;
567 1619 679 1671 aggeribus
698 1618 829 1671 turribusque
845 1625 867 1659 et

54 1781 154 1826 Gegenlatz
172 1792 196 1815 uu
215 1781 248 1815 der
267 1779 394 1824 bereehtigten
405 1779 440 1814 Er·
470 1779 535 1817 vWinlr
548 1779 664 1824 dargereicht
672 1779 739 1824 werde,
752 1779 833 1814 nhmlich
840 1780 866 1824 sc,

53 1843 136 1882 wartung
150 1838 217 1873 milder
232 1836 354 1880 Bchandlung
368 1836 442 1874 hervcr.
477 1837 545 1873 wiser
558 1847 577 1872 es
590 1838 638 1872 that.

78 1900 95 1935 7,
107 1906 165 1943 partas
177 1895 277 1939 romanam,
294 1893 322 1930 die
334 1896 371 1929 Art
384 1894 442 1930 dieser
500 1908 518 1944 4Ι
531 1907 602 1950 mund
610 1906 806 1942 wan-„Meam
815 1917 866 1951 aspa.

53 1956 118 1993 Leute.
137 1974 157 1979 —
178 1953 284 1997 coercitam,
304 1953 338 1988 wie
355 1952 441 1996 divitius,
477 1963 542 2008 ritate,
559 1964 611 2000 nicht
627 1975 663 2000 vau
680 1964 712 1999 der
731 1963 816 2009 gleichen
831 1964 866 2001 Ge·

53 2014 71 2049 a
85 2012 229 2053 Schrsnkenw
241 2010 311 2046 hulten.
416 2070 419 2074 .
477 2021 600 2068 reinehuse,
613 2022 658 2058 aner
671 2022 718 2058 soon
726 2021 778 2057 urent
786 2022 866 2067 renger

311 2117 314 2120 .
477 2081 575 2125 schwicrig.

53 2129 140 2166 tta-94.
165 2127 248 2164 Wettere
259 2125 397 2170 Ereberungen
409 2126 442 2163 des

251 2184 256 2193 ,
490 2152 518 2185 ’5,
530 2151 580 2185 tatar
592 2154 669 2185 ceteram
677 2149 785 2194 planitiem,
801 2151 867 2185 mitten

173 2215 175 2220 .
206 2185 287 2221 Marius.

477 2209 497 2244 in
515 2209 565 2244 einer
583 2208 631 2245 lenit
650 2209 722 2244 ebenen
740 2207 823 2252 Gegend.
844 2227 867 2234 —

77 2282 109 2318 92·
122 2284 139 2317 13
148 2282 237 2324 pamm,
253 2278 310 2322 ferffig
322 2271 405 2322 bring‘ffl,
419 2297 440 2304 ..
477 2266 601 2311 ratispataas¹
608 2266 677 2311 gerade
685 2265 867 2310 ausgedehntgenug

54 2338 183 2375 trahebantur.
194 2336 217 2371 lu
225 2335 292 2371 diesem
301 2335 390 2371 Zeitwort
397 2335 443 2380 liegt
476 2324 513 2359 ffir·
525 2343 549 2350 -
560 2333 599 2361 ‘⁴²²⁰-
610 2343 632 2349 ‘
644 2323 714 2367 lelissl‘b
731 2323 820 2360 Wslhrffid
831 2335 867 2359 nur

54 2397 87 2433 das
106 2394 301 2431 Gewaltlamez-alles
317 2393 379 2440 multte
395 2393 442 2439 Jetzt
477 2381 541 2434 ‘fla
559 2392 602 2418 war·
620 2400 643 2405 -
661 2380 719 2416 Omnis
736 2384 814 2425 talum,
837 2382 867 2418 die

53 2456 82 2491 als
94 2454 213 2498 Thchtigkeit
226 2452 293 2497 gelren,
477 2450 535 2485 gaure
554 2440 658 2475 naturliche
670 2439 822 2478 Beschaffenheit
842 2460 865 2467 —

55 2524 59 2528 ’
77 2505 211 2556 alterutrata,
228 2511 284 2546 reich
298 2510 393 2554 gemacht,
411 2510 442 2545 he.
477 2508 535 2543 opere,
548 2508 584 2532 ron
597 2498 755 2541 Menlchenhand,
777 2499 866 2542 consalta,

53 2570 181 2614 reichertsd.
198 2569 214 2605 i.v
227 2561 334 2605 nach'dem
349 2566 441 2614 Matstabe
477 2555 590 2593 abfisshfflssh·
795 2564 796 2567 ’

54 2622 193 2665 uersatam.
206 2630 229 2653 -”“
241 2626 290 2671 sccii,
303 2626 339 2670 vgl.
351 2627 378 2662 88.
391 2627 407 2661 3.
419 2645 442 2651 —
502 2627 519 2663 6.
531 2635 602 2661 ramma
617 2624 636 2660 ai
654 2624 745 2669 intendit,
765 2635 785 2662 er
796 2626 867 2671 'arenga

52 2686 147 2733 portandi,
169 2685 205 2730 vgl.
224 2687 240 2721 3.
256 2688 273 2721 2.
287 2684 342 2720 =Man
362 2684 442 2729 glaubte,
478 2683 514 2719 alle
526 2682 581 2719 Kraft
593 2684 711 2728 anefarta
724 2694 779 2729 qaam
791 2676 867 2720 coarcto

54 2745 89 2792 aaa
102 2741 155 2790 alles,
167 2753 205 2780 nas
213 2754 234 2780 er
244 2743 289 2787 that,
301 2742 335 2778 auf
341 2742 443 2787 gattlichcn
478 2741 542 2777 mettas
559 2745 616 2787 pasta,
632 2742 664 2778 fiel
676 2741 791 2787 glucklicher
809 2741 867 2779 durch
