1872 3089
285 86 314 114 ou
323 85 392 115 annuo
402 82 535 115 iueuurmuo
545 84 562 113 e.
571 86 612 114 Η.
823 76 835 115 7

57 196 124 236 neque
140 184 196 238 prius
215 184 294 234 sedari,
318 196 378 236 quam
401 184 468 224 virtus
491 196 561 223 eorum
582 183 657 223 famam
672 184 735 236 atque
749 182 836 235 gloriam

59 254 211 307 adaequaverit.
242 257 264 294 at
274 256 345 295 eontra
361 253 406 306 quie
417 256 449 294 est
459 253 547 295 omnium
562 253 593 293 his
609 253 705 299 moribus,
721 252 769 305 quin
784 252 835 291 divi·
848 257 858 289 7

58 324 93 363 tiis
109 329 130 365 et
145 324 271 378 sumptibus,
291 334 332 364 nou
348 324 449 377 probitate
468 325 536 376 neque
550 323 652 363 industria
667 336 713 364 eum
727 316 837 362 maioribus

59 394 101 434 stris
115 394 237 435 eonteudat‘?
254 393 315 434 etiam
325 393 416 433 homines
431 394 485 444 novi,
499 393 534 446 qai
547 398 607 433 autea
617 405 655 447 per
669 393 767 433 virtutem
782 391 837 431 soliti

58 467 118 505 erant
132 463 260 504 nobilitatem
275 464 399 512 antevenire,
415 463 485 503 furtim
500 466 521 503 et
531 476 569 516 per
578 457 684 503 latroeiuia
698 462 838 516 potiusquam

59 535 117 575 bouis
141 534 220 574 artibus
243 534 269 573 ad
290 533 376 587 imperia
396 530 422 573 et
441 534 527 574 honores
546 534 647 573 nituntur:
671 533 756 586 proinde
778 531 861 584 quasia

58 606 155 657 praetura
165 611 186 642 et
202 596 319 642 consulatus
335 608 396 655 atque
410 602 452 643 'alia
464 603 533 642 ‘omnia
547 599 688 642 huiuscemodi
702 614 740 655 per
755 614 778 641 se
792 602 838 655 ips'a

59 673 115 713 olera
130 676 151 713 et
166 672 273 725 magnifica
288 673 328 712 siut
343 685 368 712 aa
382 685 422 712 nou
438 673 524 725 perinde
539 672 660 721 habeantur,
675 673 699 711 ut
714 665 784 711 eorum
800 668 835 724 qui

60 752 85 783 ea
100 742 202 782 sustinent
216 742 281 782 virtus
300 744 338 782 est.
368 741 440 782 uerum
459 755 497 795 ego
515 741 600 782 liberius
619 742 721 794 altiusque
739 739 860 795 prooessit)

61 814 109 853 dum
127 825 160 852 me
183 812 271 852 civitatis
292 807 370 852 morum
388 812 446 865 piget
466 813 582 864 taedetque.
612 824 667 851 uuna
688 812 714 851 ad
734 811 838 865 inceptum

59 883 128 923 redeo¹

118 952 198 992 Bellum
209 952 322 1005 scripturus
333 965 384 1000 sum,
400 952 454 1003 quod
463 952 550 1005 populus
562 951 665 991 Romanus
679 963 724 990 oum
734 950 837 1002 Iugurtha
849 953 861 989 5

44 1009 110 1075 ‘rege
124 1020 260 1062 Numidarum
275 1021 346 1073 gessit,
361 1021 448 1074 primum
459 1022 506 1073 quia
520 1033 617 1074 magnum
628 1024 649 1060 et
663 1023 724 1061 'atrox
738 1020 837 1073 variaque

60 1092 146 1131 viatoria
156 1092 200 1140 luit,
216 1092 264 1131 dein
279 1091 327 1143 quia
344 1093 393 1131 tune
408 1092 495 1145 primum
506 1092 614 1144 superbiae
629 1091 741 1131 nobilitatis
756 1091 837 1131 obviam

59 1162 111 1201 itum
129 1167 173 1210 est,
193 1174 246 1214 quae
266 1161 368 1201 eontentio
390 1161 459 1201 diviua
478 1164 501 1201 et
517 1162 605 1201 humana
625 1157 698 1201 anneta
718 1160 861 1214 permisouit2

61 1245 127 1284 eoque
146 1231 254 1271 veeoudiae
269 1231 379 1284 prooessit,
394 1234 418 1271 ut
432 1231 507 1271 studiis
521 1231 618 1271 'civilibus
633 1231 710 1271 bellum
726 1232 787 1283 atque
802 1243 837 1271 ua-

27 1354 28 1358 *
61 1302 120 1342 stitas
130 1301 204 1342 Italiae
211 1300 273 1341 finem
279 1302 362 1341 faceret.
382 1302 419 1341 sed
429 1302 486 1355 prius
496 1314 557 1354 quam
568 1301 708 1342 huuseemodi
717 1301 748 1340 rei
758 1300 838 1340 initium
851 1305 862 1339 3

61 1372 156 1426 expedio,
165 1384 231 1425 pauoa
246 1384 308 1424 supra
323 1375 420 1425 repetam,
435 1385 475 1425 quo
491 1372 518 1412 ad
533 1373 698 1424 eognoseuudum
713 1371 780 1411 omnia
794 1371 839 1411 illu-

62 1443 111 1482 stria
126 1442 192 1494 magis
205 1442 312 1494 magisque
326 1442 348 1481 in
363 1444 433 1495 aperto
449 1442 496 1482 siut.

117 1511 177 1552 Bello
192 1511 269 1551 Punieo
285 1513 385 1561 seeundo,
405 1526 444 1565 quo
460 1507 504 1553 dux
520 1511 720 1565 Carthaginiensium
734 1510 863 1553 Hannibale

60 1583 107 1635 post
113 1581 275 1634 magnitudinem
284 1582 373 1621 nominis
380 1582 468 1622 Romani
477 1582 552 1623 Italiae
563 1595 611 1635 opes
619 1595 716 1622 maxume
724 1582 838 1631 attriverat,

61 1741 96 1765 von
108 1730 176 1766 demin
185 1725 449 1774 seilicetliegeudenVerbum.
485 1732 536 1766 einer
552 1731 634 1768 Vorrede
652 1731 822 1776 hsuausgegaugeu:
837 1731 874 1767 der

8 1825 17 1831 „
62 1809 84 1814 —
97 1794 158 1824 eoram
169 1792 192 1824 'zu
202 1785 278 1832 famam.
485 1788 570 1836 Verdrujt
588 1789 634 1826 uber
649 1785 679 1826 die
699 1784 817 1826 offentliohen
829 1789 874 1825 Ver-

85 1845 101 1882 7.
114 1850 211 1891 utcontra,
221 1846 450 1893 vertoharfteraagentatz
484 1847 570 1890 haltuille
582 1847 615 1884 hat
627 1849 675 1884 mich
688 1848 735 1884 daza
745 1848 847 1895 ueraulallt.

61 1917 85 1942 zu
96 1899 180 1942 maiores.
193 1926 216 1931 —
228 1905 263 1950 bis,
276 1905 368 1950 mitbezug
377 1905 410 1941 auf
421 1905 450 1941 die
508 1906 527 1942 5.
540 1910 556 1942 1.
569 1907 624 1942 uaria
635 1907 719 1951 victora,
731 1916 767 1943 vau
778 1907 875 1943 wechleln-

62 1965 104 2000 Zeit
121 1964 152 2000 des
165 1957 314 2000 taurianensis:
333 1964 362 2000 bei
381 1974 450 1999 unseru
486 1964 527 2000 dem
540 1957 590 2010 Siegss

62 2016 128 2059 Sitteu.
143 2024 293 2067 *aoanebeu
307 2023 350 2067 qaia
363 2018 451 2067 doppelte
509 2026 527 2059 2.
552 2033 598 2067 qaae
621 2022 720 2066 eontentio,
748 2023 778 2059 eiu
802 2022 876 2069 Kampf,

61 2081 161 2126 Negatiou:
174 2081 451 2127 ,ltatt“.—ladastria,Gegen·
486 2081 571 2124 ueloher,
593 2101 615 2107 -
634 2080 701 2116 stadiis
720 2080 813 2125 ciuilibus,
833 2082 875 2117 dem

61 2139 98 2175 latu
107 2151 131 2175 zu
138 2140 212 2183 alwalo,
226 2139 341 2185 Thatigkeit‚
353 2135 451 2185 Unihaag-
486 2134 873 2185 leideusahaftlieheuTreibeuderBurger.

61 2198 106 2234 keit.
118 2217 140 2223 -
154 2191 218 2242 antea,
235 2199 254 2234 iu
266 2198 353 2234 frdherer
364 2198 411 2234 Zeit
428 2217 450 2224 —
487 2218 510 2224 -
521 2198 588 2244 bellam,
598 2202 652 2244 atqae
667 2197 756 2241 uastitas,
772 2209 807 2234 nur
819 2198 876 2243 Krieg

60 2252 130 2300 fartim,
143 2253 260 2306 beaiehtlioh
272 2257 306 2305 auf
314 2257 343 2293 die
354 2256 451 2301 gebeimeu
486 2257 524 2292 und
536 2253 661 2303 Verbeeruug.

7 2349 9 2352 .
61 2309 155 2350 Umtriebe
168 2314 201 2350 der
215 2315 295 2359 ambitio,
305 2325 341 2360 per
352 2315 451 2350 latrocinia
511 2319 527 2351 3.
539 2313 628 2361 illustria,
645 2317 757 2362 beleuohtet,
769 2317 790 2352 ia
802 2306 874 2362 aperto,

61 2373 96 2408 aul
111 2366 140 2408 die
154 2369 273 2418 Auweuduug
290 2374 360 2410 offener
371 2369 451 2419 'Geualt
487 2373 535 2410 offen
548 2374 648 2420 durgelegt

61 2442 92 2466 um
109 2431 138 2467 die
154 2426 219 2468 dmter
232 2428 355 2477 Wurdige'ren
372 2438 395 2467 zu
414 2436 451 2468 eut·
586 2424 588 2426 ¹

61 2489 130 2536 remen,
486 2479 505 2516 5.
517 2480 590 2516 42-10.
605 2479 751 2524 Vorgesebielrte
762 2479 795 2516 des
804 2480 875 2526 jugur-

85 2549 102 2587 8.
115 2542 223 2592 habeantur,
236 2549 279 2585 iuue
291 2549 360 2594 gehabt
372 2550 450 2588 werden.
576 2538 682 2575 ffllllssshffl
692 2538 782 2582 Κῖῖθέθῦ·

61 2626 84 2633 -
98 2602 130 2652 qa'a'
141 2601 163 2643 eb
174 2607 276 2652 sustineat,
293 2607 324 2644 die
337 2601 406 2653 Trtgbr
419 2609 451 2645 der
510 2611 528 2644 4.
538 2613 582 2654 post
593 2609 739 2655 aaaattadlaem
750 2609 830 2645 nominis
838 2609 876 2645 Ra-

61 2665 151 2702 werten.
485 2665 542 2704 maai.
562 2667 877 2714 SeitdenSamniterkriegenaanu

85 2726 102 2760 9.
114 2724 190 2759 libertas
208 2724 299 2769 altiusque
311 2725 403 2770 processi,
420 2726 450 2762 ioh
487 2726 519 2762 der
531 2721 690 2762 romischellame
703 2726 748 2773 grojt
761 2726 789 2762 du.
801 2747 823 2752 -—
832 2726 876 2762 Ita·-

61 2784 93 2819 biu
104 2783 149 2819 uber
163 2782 191 2819 die
201 2783 308 2820 Schrauken
322 2784 451 2821 uudGr‘euaeu
486 2785 522 2821 liae
534 2794 582 2831 opes,
594 2796 641 2830 ganz
650 2784 716 2821 ltalieu
729 2785 793 2821 warde
805 2786 824 2821 in
832 2786 876 2822 Mit-
