1872 3089
87 84 115 124 24
373 91 390 120 c.
401 91 502 121 anteneri
512 90 580 121 omsrr

50 192 74 229 25
87 192 204 230 evenerant.
227 189 290 243 igitur
305 181 327 230 C.
338 188 436 230 Manlium
447 189 546 230 Faesulas
555 192 615 244 atque
626 190 646 230 in
657 203 701 230 eam
712 193 792 244 partem
802 191 861 232 Etru-

85 260 134 310 riae,
145 258 264 313 Septimium
275 260 375 313 quendam
386 259 501 301 Camertem
516 260 537 299 in
552 274 624 314 agrum
635 261 737 310 Picenum,
753 260 774 302 Ο.
785 261 861 302 lulium
926 256 927 259 ¹

85 330 107 370 in
117 330 212 384 Apuliam
223 330 309 379 dimisit3
325 330 505 384 praetereaalium
526 330 575 382 alic,
595 345 656 385 quem
673 333 748 385 ubique
768 336 861 385 opportu-

62 407 73 439 2
86 414 134 441 num
149 400 188 441 sibi
203 401 246 441 fore
263 401 365 441 credebat.
395 386 473 441 interea
488 400 565 442 Romae
580 402 645 442 multa
660 402 720 442 simul
730 401 800 450 moliri,
816 414 862 441 con-

86 471 127 511 suli
143 471 229 512 insidias
252 472 345 521 tendere,
366 484 440 525 parare
457 471 560 522 incendia,
581 475 694 528 opportuna
714 473 758 513 loca
778 472 861 512 armatis

85 542 200 583 hominibus
211 543 311 597 obsidere,
325 542 370 596 ipse
386 555 432 583 cum
447 543 488 583 telo
504 555 556 593 esse,
572 543 621 582 item
632 543 681 583 alios
692 544 768 592 iubere,
784 543 861 583 hortari

85 613 115 653 uti
134 599 215 666 semper
225 613 298 654 intenti
313 613 419 666 paratique
433 614 513 663 essent,
531 613 574 652 dies
584 613 691 666 noctisque
701 614 798 653 festinare
810 612 862 665 rigi·

62 689 73 722 3
86 683 135 733 lare,
150 696 217 736 neque
232 682 336 723 insomniis
351 696 418 735 neque
433 684 503 723 labore
518 683 605 736 fatigari.
636 686 737 737 postremo
753 683 862 724 ubimulta

85 754 170 806 agitanti
180 753 231 793 nihil
241 754 339 807 procedit,
356 766 427 793 rursus
442 753 565 806 intempesta
579 756 638 794 nocte
654 754 797 794 coniurationis
807 755 861 808 prin-

62 830 73 863 4
86 824 141 878 cipes
157 827 255 864 convocat
270 825 297 864 ad
311 824 339 864 M.
355 823 449 864 Porcium
464 823 559 874 Laecam,
574 825 643 877 ibique
658 824 722 865 multa
738 825 763 864 de
778 825 861 877 ignaria

85 908 155 935 eorum
171 898 256 948 questus
277 895 338 935 dccet
359 908 381 934 se
397 895 497 934 Manlium
511 895 642 948 praemisisse
653 895 679 935 ad
695 908 740 935 eam
750 896 861 936 multitudi-

85 978 138 1014 nem,
154 977 215 1018 quam
230 966 256 1004 ad
270 965 371 1018 capiunda
387 970 577 1018 comparaverat,
595 966 645 1005 item
660 964 711 1011 alios
727 965 747 1005 in
763 965 803 1005 alia
817 966 862 1006 loca

86 1038 204 1089 opportuna,
219 1036 254 1087 qui
263 1035 343 1074 initium
353 1034 401 1075 belli
411 1036 509 1085 facerent,
521 1048 584 1088 seque
601 1036 627 1075 ad
637 1029 751 1075 eiseroitum
761 1035 862 1088 proficisci

86 1118 167 1159 cupere,
183 1105 201 1144 si
215 1106 271 1158 prius
283 1104 402 1146 Ciceronem
417 1105 565 1159 oppressisset;
587 1105 692 1156 eum‚suis
708 1106 796 1145 consiliis
812 1107 861 1146 mul-

50 1178 74 1214 28
86 1179 130 1216 tum
140 1175 228 1216 officere.
249 1176 314 1229 igitur
324 1176 438 1229 perterritis
449 1189 473 1216 ac
484 1176 622 1216 dubitantibus
633 1177 708 1216 ceteris
721 1175 743 1217 O.
755 1174 861 1217 Cornelius

86 1259 149 1299 eques
164 1246 268 1286 Romanus
284 1259 366 1300 operam
382 1259 439 1286 suam
449 1246 551 1300 pollicitus
562 1250 584 1286 et
598 1259 644 1286 cum
655 1244 678 1286 eo
689 1245 712 1286 L.
720 1246 861 1298 Vargunteius

85 1321 169 1357 senator
185 1318 308 1357 constituere
328 1329 352 1356 ea
367 1321 427 1357 nocte
445 1317 506 1370 paulo
522 1320 568 1369 post
589 1330 634 1356 cum
650 1303 732 1357 armatis
748 1317 861 1357 hominibus

85 1387 146 1427 sicuti
157 1387 267 1427 salutatum
281 1387 366 1426 introire
381 1388 408 1427 ad
417 1386 536 1428 Ciceronem
547 1400 570 1427 ac
586 1388 611 1426 de
621 1387 731 1440 improviso
748 1387 801 1427 domi
812 1399 861 1427 suae

62 1457 207 1510 2imparatum
222 1458 336 1497 confodere.
367 1456 441 1497 Ourius
458 1458 492 1497 ubi
513 1457 616 1509 intellegit
631 1459 729 1509 quantum
749 1458 861 1510 perieulum

86 1528 163 1568 consuli
178 1527 300 1580 impendeat,
316 1541 402 1581 propere
417 1541 455 1581 per
465 1527 560 1567 Fulviam
571 1526 663 1568 Ciceroni
675 1528 742 1568 dolum
753 1528 788 1580 qui
803 1539 861 1580 para·

62 1598 145 1638 3batur
163 1598 261 1638 enuntiat.
292 1599 322 1638 ita
341 1598 371 1637 illi
392 1598 452 1638 ianua
472 1597 568 1651 prohibiti
587 1602 665 1637 tantum
686 1598 763 1638 lacinus
784 1598 861 1637 frustra

62 1672 224 1721 tsusceperent.
255 1668 335 1708 interea
345 1668 434 1708 Manlius
449 1669 470 1707 in
484 1668 569 1708 Etruria
583 1668 663 1721 plebem
679 1668 799 1716 sollicitare,
815 1681 861 1719 ege-

85 1743 139 1778 state
155 1738 215 1777 simul
235 1750 258 1778 ae
281 1738 350 1778 dolore
369 1739 454 1778 iniuriae
474 1750 573 1777 novarum
594 1751 663 1777 rerum
683 1738 785 1791 cupidam,
807 1738 861 1789 quod

85 1806 155 1848 Sullae
168 1808 303 1847 dominatione
319 1820 379 1860 agros
389 1809 482 1861 bonaque
493 1808 560 1848 omnia
570 1808 671 1857 amiserat,
684 1810 791 1860 praeterea
801 1806 860 1847 latro-

85 1891 122 1917 nes
139 1878 237 1930 cuiusque
253 1879 341 1930 generis,
358 1891 443 1930 quorum
463 1879 484 1917 ln
507 1890 532 1917 ea
547 1878 631 1930 regione
646 1890 722 1930 magna
737 1878 794 1930 copia
810 1879 861 1928 erat,

51 1998 73 2003 —
86 1983 187 2023 evenerant,
206 1979 260 2015 hatte
277 1979 313 2015 fich
331 1980 355 2014 im
371 1980 438 2025 Erfolg
471 1975 472 1978 ’
496 1979 525 2015 28,
540 1983 559 2015 -1,
573 1990 594 2015 eo
611 1983 664 2015 nocte
677 1980 796 2024 paulopost,
813 1979 860 2014 noch

50 2037 182 2073 ermelenals.
472 2038 492 2072 in
508 2038 540 2072 der
557 2038 660 2073 ntmlichen
675 2038 737 2074 Nacht
752 2036 796 2072 bald
813 2037 861 2072 nach
899 2033 901 2037 ’

473 2096 530 2131 dieser
539 2095 639 2141 Beretung,
648 2106 732 2141 mergens
742 2094 860 2131 francones

49 2141 124 2178 27¹2&
148 2142 184 2178 Die
199 2142 330 2179 Mflsffillfflffl
345 2142 437 2179 catilinas
472 2155 491 2189 in
507 2154 540 2189 der
557 2154 619 2190 Fr‘uhe
639 2153 708 2199 pflegte
725 2165 768 2189 man
786 2153 822 2189 fich
837 2165 861 2190 zu

88 2210 135 2235 zum»
143 2200 243 2244 Beginnen
254 2201 287 2238 ⁴10⁵
297 2200 395 2246 Kampfts·
473 2213 513 2248 dem
522 2212 583 2248 Haule
595 2223 619 2247 zu
631 2212 720 2257 begeben,
732 2222 759 2248 wo
771 2221 813 2246 men
826 2210 861 2248 den

73 2270 104 2306 27.
124 2274 140 2306 1.
153 2270 260 2316 (lenientem,
277 2282 310 2307 aus
323 2271 438 2307 Camerinum
473 2271 535 2306 Herrn
553 2269 646 2316 begrtijlen
662 2269 727 2305 wcllte.
762 2268 798 2305 Die
811 2270 861 2306 ‘Ver-

35 2329 69 2363 rin
81 2328 174 2365 Umbrien.
471 2329 588 2365 lchworenen
604 2328 679 2363 wollten
695 2339 722 2364 wo
738 2327 816 2372 mtglich
831 2327 860 2365 die

73 2389 91 2421 2.
97 2387 144 2422 ulios
149 2387 217 2430 tubere,
224 2388 302 2423 namlich
307 2397 343 2422 esse
349 2396 389 2421 curu
397 2387 436 2423 telo.
472 2387 532 2423 erlten
544 2385 683 2430 Eicgelasl'enen
695 2386 738 2421 lein.

73 2446 90 2479 4.
102 2456 146 2488 eom,
160 2456 213 2490 quom
218 2449 327 2489 paraverat,
336 2445 436 2481 erlautern·

48 2503 82 2538 der
94 2503 161 2539 Zulatz
174 2503 205 2539 des
219 2503 364 2541 Schriftltellers.
389 2504 436 2539 Cati·
495 2504 512 2540 4.
526 2501 654 2545 destinatione,
665 2500 733 2546 infolge
742 2501 774 2538 der
783 2501 861 2537 Gewalt-

49 2561 87 2596 lina
101 2563 155 2598 hatte
172 2563 191 2597 in
206 2562 264 2598 [einer
280 2562 387 2607 Anlprache
404 2573 437 2598 vor
472 2560 580 2597 herrlcbeft.
604 2559 660 2596 Neblt
669 2559 762 2595 Samnium
774 2558 811 2594 und
823 2558 860 2594 Lu·

48 2620 85 2655 den
97 2620 251 2656 Verschworenen
267 2621 317 2656 nicht
333 2621 390 2664 relig,
407 2620 436 2656 die
472 2620 536 2656 oanien
543 2620 594 2655 hatte
603 2617 700 2654 belonders
707 2617 795 2653 Etrurien
802 2616 860 2653 durch

47 2678 146 2714 multitude
162 2679 220 2714 raher
236 2690 258 2715 zu
273 2679 388 2715 bezeichnen.
415 2680 436 2714 In
472 2677 543 2714 Verlult
558 2689 593 2713 von
610 2678 651 2714 Hab
667 2677 704 2712 und
721 2677 758 2712 [lut
775 2686 809 2711 von
826 2674 860 2711 den

49 2737 145 2773 letzterem
157 2737 209 2772 Folle
226 2737 285 2783 multte
299 2747 317 2772 es
331 2737 436 2780 parauisset
471 2736 589 2772 lullaniloben
605 2735 693 2771 Soldaten
712 2746 735 2769 zu
753 2734 818 2770 leiden.
838 2753 859 2760 -

49 2794 119 2841 hellen.
471 2794 557 2837 tato-oues,
570 2806 593 2830 zu
604 2793 707 2829 sollicitere.
