1872 3089
279 63 308 91 uu
318 62 387 91 uuum
396 62 530 92 mcuuuffluo
540 62 559 91 c.
569 64 591 92 14.
799 56 826 95 17

44 161 122 212 petere.
154 158 175 200 si
190 158 219 201 acl
233 158 391 211 impetrandum
406 158 463 201 mihil
479 171 556 201 causae
574 158 672 201 traherem
683 163 774 211 praeter
787 160 851 202 mi-7

47 228 162 271 seramlam
175 229 295 283 fortunam,
316 228 372 282 quod
382 228 451 281 paulo
473 232 575 271 auteres
593 243 670 284 periere
685 230 747 283 fama
764 232 827 284 atque

48 298 116 352 capiis
126 302 210 352 pateus,
228 312 285 341 auur
303 298 433 352 deformatus
454 299 564 342 aerecmais
584 299 657 352 iuops,
678 300 762 342 alicnus
778 313 827 353 opes

48 372 150 422 euspicio,
166 372 237 411 tamem
253 372 300 411 erat
313 365 433 411 umiestatis
445 369 524 422 populi
538 368 633 411 Romam
641 370 754 422 prohibere
768 370 826 412 iuiu-

48 439 104 481 riam
119 453 185 493 meque
195 440 247 492 pati
258 440 384 492 cuiusquam
393 436 484 492 repuum
490 453 532 491 per
545 439 614 482 scelus
624 453 723 484 crescere.
754 454 828 483 rerum
839 445 850 479 8

48 523 85 563 epo
101 510 132 551 ais
145 509 226 562 pullus
241 510 318 552 eiectus
333 523 386 560 sum,
407 522 459 564 quos
473 509 592 552 maioribus
606 510 659 552 meis
671 509 768 563 populus
782 510 827 553 Ro-

47 592 125 622 mauus
140 579 207 631 dedit,
229 580 285 622 uude
296 583 362 633 pater
377 584 397 621 et
412 593 465 622 auus
479 592 538 621 meus
547 594 593 621 uua
605 580 712 622 uobiscum
727 580 827 633 expulere

48 648 166 702 Sppliucem
179 653 199 692 et
210 649 401 711 Ourtliapiuieusis.
416 654 489 692 austra
505 649 606 702 beneficia
619 649 674 692 milri
684 654 756 703 erepta
770 652 827 702 suut,

45 723 121 772 patres
137 719 262 773 conscripti,
282 733 319 762 uas
333 720 357 762 iu
372 733 419 763 mea
431 719 515 762 iri-iuria
531 720 624 773 despecti
638 720 696 763 estis.
728 720 779 762 elieu
794 725 849 763 mes

48 789 162 831 miserum!
175 790 256 840 liuciae,
271 789 367 842 Micipsa
372 793 444 842 pater,
461 790 561 843 terremur
572 793 610 831 tua
619 802 708 841 euasere,
725 793 828 843 utquam

48 863 72 902 tu
82 873 160 912 parem
176 873 222 902 cum
237 859 310 902 liberis
325 860 369 902 tuis
387 860 489 914 requique
505 859 635 913 participem
652 859 734 918 fecisti2
754 855 775 902 is
785 873 827 913 pa-

48 930 160 972 tissumum
175 929 253 983 stirpis
272 933 321 972 tuae
336 930 452 972 eustiuctar
466 929 511 972 sit?
530 943 646 982 numquam
666 943 715 984 erpa
737 929 827 982 familia

49 1003 123 1041 uestra
134 1000 205 1052 quieta
216 998 274 1041 erit?
288 1013 396 1052 semperue
406 1000 430 1041 iu
440 999 546 1053 saupuiue
555 1000 615 1052 ferro
622 1000 678 1052 supa
688 999 827 1041 versabitur?

49 1069 99 1112 ctum
116 1068 302 1121 Uarthapiuieuses
317 1068 433 1111 iucolumes
445 1070 511 1121 fuere,
527 1069 575 1112 iure
590 1070 663 1111 ommia
677 1082 742 1112 succa
756 1069 863 1122 petie-10

50 1138 134 1180 bamur:
150 1137 220 1180 trustes
234 1138 260 1180 ab
276 1137 347 1190 lutere,
363 1150 399 1180 uas
413 1139 478 1181 ceruici
483 1137 568 1191 procui,
584 1151 633 1191 spes
647 1139 716 1180 amuis
725 1138 749 1180 iu
760 1138 828 1181 armis

50 1211 101 1251 erat.
129 1211 242 1261 postquem
262 1207 304 1249 illa
317 1208 384 1259 pestis
400 1221 427 1249 ea
441 1208 520 1260 Africa
536 1207 602 1250 eiecta
624 1211 664 1259 est,
685 1207 737 1249 laeti
752 1220 828 1260 pacem

50 1278 193 1332 aptabimus,
215 1278 292 1332 quippe
314 1279 362 1332 puis
379 1277 447 1319 hostis
466 1277 541 1319 uriltus
556 1281 612 1329 erut,
632 1277 678 1320 uisi
695 1278 752 1331 farte
767 1291 828 1332 quem

49 1360 86 1389 cos
100 1347 224 1389 iussissetis.
255 1360 299 1389 ecce
310 1351 380 1389 auteur
395 1361 421 1389 cu
436 1347 550 1400 improuisa
561 1347 675 1401 Iupurtlia,
691 1347 828 1389 iutalerauda
840 1355 862 1387 11

50 1416 143 1459 audacia
158 1416 235 1459 scelere
250 1420 313 1471 atque
327 1417 429 1470 superbia
443 1429 489 1459 sese
504 1416 599 1470 effereus,
619 1418 690 1469 fratre
705 1430 750 1459 mea
765 1421 828 1471 atque

49 1485 119 1529 euclem
131 1487 254 1540 pmpiuquo
269 1500 307 1528 suo
322 1487 442 1539 iuterfecta,
459 1487 556 1539 primam
570 1500 660 1538 repaum
675 1487 722 1528 eius
742 1486 828 1528 sceleris

49 1554 85 1596 sui
95 1554 205 1610 praciam
217 1556 273 1607 fecit,
287 1559 342 1609 past,
361 1555 399 1597 ubi
413 1570 445 1597 rue
460 1555 538 1598 eisdem
553 1555 609 1597 coris
623 1569 667 1597 uau
683 1556 729 1610 quit
745 1569 827 1608 capere,

50 1622 106 1665 uiliil
121 1624 192 1666 miuus
216 1638 279 1677 uuam
300 1625 343 1667 uim
367 1629 405 1666 aut
420 1624 496 1666 bellum
519 1629 675 1677 euspectcutem
695 1625 719 1665 iu
736 1626 828 1677 imperia

50 1696 128 1743 castra,
150 1693 206 1735 sicut
220 1694 305 1745 uidetis,
322 1698 427 1736 extorrem
437 1694 516 1746 patria
532 1694 600 1744 domo,
620 1695 705 1746 iuopem
723 1697 743 1735 et
757 1708 829 1746 caper-

50 1766 95 1804 tum
109 1763 204 1805 miseriis
217 1763 290 1815 effecit,
306 1767 330 1805 ut
344 1764 414 1806 ubiuis
424 1765 492 1806 tutius
508 1777 571 1818 quam
586 1763 609 1804 iu
620 1777 664 1805 mea
674 1776 740 1817 repuo
755 1777 828 1808 essem.

74 1879 91 1913 7.
104 1877 126 1921 si,
138 1878 179 1913 hier
190 1893 214 1906 =
225 1878 280 1912 ctiam
292 1877 314 1920 si,
331 1879 367 1914 wie
378 1881 440 1912 tumeu

50 1939 91 1970 erat
102 1935 127 1970 im
135 1935 225 1971 Nuchlutz
234 1936 288 1979 zeigt.
301 1955 324 1961 -
336 1936 438 1980 impetrare,

51 1993 80 2028 die
93 1993 191 2037 Erfhllung
209 1994 259 2028 einer
277 1994 327 2028 Bitte
345 1994 438 2037 erlangen.

51 2070 72 2076 —
87 2051 137 2095 qriad
148 2070 172 2076 -
184 2054 274 2094 exspecta,
292 2051 400 2096 Erklllruug
416 2063 440 2086 zu

51 2108 174 2144 miserandam
184 2109 286 2153 fartuuam.
300 2129 321 2134 -
334 2120 397 2144 reu—
404 2120 439 2153 po-

51 2170 96 2210 reus,
108 2168 137 2201 ein
149 2166 208 2201 durch
219 2167 313 2211 Abkuult,
329 2167 391 2202 Ruhm
403 2167 441 2202 und

51 2216 114 2260 Mitte]
133 2224 235 2267 m‘uchtiger
250 2223 316 2268 Khnig.
337 2244 359 2250 -
380 2224 440 2267 defor-

40 2281 441 2327 ²matusaerummis,eutllelltdurchSurgen-

52 2341 91 2376 lull.

75 2401 92 2434 8.
104 2409 171 2434 peruia.
195 2399 217 2432 ln
228 2398 326 2434 Wahrheit
341 2398 386 2433 aber
401 2409 441 2434 ver-

52 2457 93 2492 halt
105 2457 141 2492 fich
154 2457 183 2493 die
192 2456 250 2493 sache
262 2456 287 2502 lo,
301 2455 336 2502 dull
348 2457 377 2491 ish
390 2457 442 2492 nicht

52 2515 80 2550 als
87 2515 176 2551 Fremrler
184 2516 225 2552 hier
231 2514 282 2549 Hilfe
290 2514 351 2558 suche,
364 2514 442 2550 laudern

52 2573 80 2609 alu
93 2572 144 2609 Erhe
157 2572 190 2608 der
202 2572 316 2617 Herrlehaft,
328 2572 397 2608 welche
410 2573 442 2607 [lus

52 2631 142 2668 ramiluhe
160 2631 210 2667 Volk
229 2631 302 2666 melnen
322 2631 388 2666 Ahnen
411 2641 442 2675 ge·

53 2690 131 2725 schenkl
142 2689 181 2727 hut.
205 2689 268 2724 Duher
279 2698 311 2723 uas
326 2688 347 2723 iu
361 2699 402 2723 mea
413 2689 442 2723 iu-

52 2747 104 2783 imia
117 2747 196 2791 despecti
207 2747 255 2782 estis.

90 2816 158 2844 Sallusti
167 2816 250 2850 Iugurtha.

499 1879 516 1915 9,
535 1878 600 1912 huciue
618 1897 638 1903 —
656 1888 736 1923 euasere,
755 1878 866 1913 dahin-find

476 1936 528 1971 deine
545 1935 666 1971 Wohlthaten
683 1937 800 1981 gekommen‚
819 1936 836 1971 d.
852 1937 865 1972 i.

475 1993 530 2028 dahiu
549 1994 608 2029 haben
627 1995 679 2029 deine
694 1994 817 2029 Wohlthuten
835 2004 867 2037 ge·

475 2052 532 2097 fhhrt,
546 2052 581 2098 dall
594 2057 628 2088 etc.
855 2055 857 2057 ’

501 2171 528 2204 10.
535 2168 576 2203 iure
579 2167 703 2212 patiebamur,
713 2165 742 2203 als
747 2167 866 2203 Verbtmdete

476 2226 567 2260 Roms.-
574 2225 608 2260 illa
617 2225 682 2270 pestis,
695 2225 724 2260 die
736 2224 866 2269 karthaglsuhe

476 2283 591 2320 Heurschaft.
604 2301 625 2308 -
638 2281 676 2316 uisi
685 2283 739 2326 farte,
752 2281 809 2327 aujler
821 2282 866 2317 viel-

476 2341 538 2376 leicht.
552 2359 574 2365 —
587 2350 638 2385 quem
649 2339 800 2374 iussissetis=is
809 2349 867 2384 quem,

477 2415 501 2443 ,ε
520 2399 538 2434 si
555 2408 615 2442 quem,
634 2398 715 2433 numlich
736 2398 804 2433 trustem
823 2407 867 2441 esse,

478 2455 581 2491 existimari
592 2455 698 2491 iussissetis.

503 2575 531 2609 11.
548 2575 638 2607 extorrem
656 2590 679 2596 -
697 2570 756 2614 effecit
767 2586 791 2599 =
803 2570 866 2614 effecit,

478 2633 500 2665 ut
511 2630 591 2665 eutorris
603 2639 664 2666 essem.
672 2648 695 2654 —
706 2629 771 2672 tutius,
783 2629 836 2664 mehr
847 2629 867 2664 in

478 2688 588 2726 Sicherheit.
612 2688 646 2722 Bei
666 2687 734 2723 Sallust
752 2686 811 2722 findet
830 2687 867 2722 fich

477 2746 540 2790 hliufig
552 2746 585 2782 das
594 2745 668 2781 Adverh
678 2744 787 2790 pradikutiv
794 2756 817 2779 uu
825 2754 867 2780 esse,

751 2815 760 2840 α
