1872 3089
81 77 109 118 22
366 86 384 115 a.
394 86 495 114 saunusrr
504 85 572 115 orusm

82 184 107 223 de
119 182 218 224 Catilinae
234 184 371 224 coniuratione
386 197 438 236 quae
446 197 526 237 quoque
539 185 598 224 modo
611 184 705 225 audierat
720 185 858 238 compluribus

58 254 178 294 bnarravit.
209 266 233 294 ea
252 267 286 293 res
306 254 327 293 in
348 254 418 307 primis
440 254 508 294 studia
527 254 629 294 hominum
650 254 742 295 aooendit
766 255 793 294 ad
812 269 857 295 oon-

58 328 69 361 6
82 325 169 364 sulatum
184 325 322 364 mandandum
336 324 363 364 M.
375 322 441 364 Tullio
453 323 552 365 Ciceroni.
583 338 670 378 namque
684 327 744 365 antea
758 325 856 378 pleraque

81 395 176 435 nobilitas
191 394 268 434 invidia
283 395 391 434 aestuabat
409 397 430 433 et
445 394 503 446 quasi
517 394 581 447 pollui
597 395 724 435 consulatum
740 395 857 445 eredebant,

82 465 99 504 si
115 478 161 505 eum
172 465 265 517 quamvis
281 465 377 517 egregius
388 464 447 504 homo
458 477 523 504 novus
534 465 621 518 adeptus
632 465 690 505 foret.
713 466 749 505 sed
760 465 794 504 ubi
804 465 857 518 peri-

81 535 149 574 eulum
160 534 249 583 advenit,
264 534 342 574 inuidia
353 537 414 587 atque
425 534 522 588 superbia
536 537 582 587 post
597 534 662 577 fuere.
680 560 684 566 ι

45 606 69 642 24
140 604 209 657 Igitur
228 605 314 645 comitiis
334 604 407 644 habitis
428 604 522 644 eonsules
545 605 676 644 declarantur
694 605 722 645 M.
738 605 817 645 Tullius
836 609 859 645 et

57 673 103 715 2C.
119 675 227 715 Antonius.
246 675 300 727 quod
315 675 391 714 laetum
406 674 470 728 primo
489 673 592 727 popularis
611 675 754 714 ooniurationis
775 688 857 715 oonous-

81 749 141 785 serat.
172 758 238 797 neque
255 748 323 785 tamen
334 744 433 785 Catilinae
448 745 504 784 furor
514 745 649 795 minuebatur,
665 746 702 784 sed
713 746 733 784 in
744 745 787 785 dies
798 746 859 798 plura

81 815 168 868 agitare:
191 828 247 855 arma
265 828 303 868 per
317 815 398 855 Italiam
409 815 459 854 loeis
470 814 589 868 opportunis
604 826 682 867 parare,
698 815 804 868 pecuniam
820 828 858 855 sua

81 889 116 925 aut
131 885 241 925 amicorum
256 885 297 924 fide
308 892 407 938 sumptam
423 885 514 924 mutuam
529 884 629 924 Faesulas
645 885 671 923 ad
681 884 780 924 Manlium
795 898 858 937 queu-

57 959 68 992 3
82 956 128 995 dam
146 959 237 1008 portare,
253 955 287 1007 qui
302 958 373 1008 postea
388 954 483 1007 prinoeps
499 955 538 994 fuit
552 954 601 993 belli
617 954 710 993 faciundi.
741 967 766 994 ea
781 958 858 1008 tempe-

81 1029 135 1066 state
150 1026 255 1079 plurumos
271 1026 368 1077 cuiusque
384 1025 466 1077 generis
481 1024 573 1064 homines
589 1024 702 1064 adscivisse
723 1024 761 1064 sibi
777 1025 856 1074 dieitur,
922 1036 924 1040 ’

80 1096 176 1136 mulieres
192 1095 253 1135 etiam
268 1095 351 1148 aliquot,
367 1107 419 1148 quae
434 1095 498 1148 primo
513 1094 602 1147 ingentis
621 1100 714 1147 sumptus
729 1097 799 1148 stupro
815 1107 858 1135 eor·
895 1091 901 1094 ’

80 1167 135 1219 poris
155 1166 303 1214 toleraverant,
322 1168 370 1218 post
383 1165 419 1204 ubi
440 1168 497 1204 aetas
517 1165 657 1204 tantummodo
678 1164 772 1221 quaestui
789 1178 856 1217 neque

57 1236 176 1275 4luxuriae
191 1236 273 1275 modum
288 1235 373 1284 fecerat,
394 1247 429 1274 aes
449 1235 537 1275 alienum
553 1235 632 1287 grande
647 1234 789 1274 conflaverant.
819 1247 858 1287 per
894 1255 897 1259 ·

81 1319 116 1346 eas
132 1319 155 1345 se
171 1304 258 1346 Catilina
274 1306 372 1345 oredebat
387 1318 448 1358 posse
464 1305 548 1344 servitia
562 1305 641 1344 urbana
656 1304 770 1354 sollieitare,
785 1305 856 1344 urbem

42 1379 69 1415 25
80 1376 200 1424 inoendere,
221 1376 277 1415 viros
293 1387 362 1414 earum
377 1375 412 1414 uel
427 1374 539 1427 adiungere
558 1374 597 1414 sibi
614 1374 649 1414 uel
667 1374 788 1414 interficere.
819 1375 856 1414 sed

80 1446 101 1485 in
117 1446 147 1485 eis
162 1449 207 1485 erat
223 1441 347 1498 Sempronia,
363 1458 415 1497 quae
430 1446 495 1485 multa
505 1457 566 1498 saepe
581 1444 647 1483 uirilis
659 1445 756 1484 audaoiae
767 1445 858 1484 facinora

56 1521 68 1554 2
81 1516 214 1557 commiserat.
241 1516 292 1555 haeo
302 1515 375 1554 mulier
385 1528 462 1567 genere
473 1516 534 1567 atque
544 1515 614 1564 forma,
625 1517 733 1567 praeterea
740 1514 784 1554 viro
795 1517 857 1567 atque

79 1586 149 1625 liberis
160 1587 210 1625 satis
220 1586 324 1625 fortunata
334 1586 381 1635 fuit,
391 1585 465 1624 litteris
477 1582 562 1625 Graecis
573 1587 595 1624 et
602 1583 681 1624 Latinis
692 1585 757 1633 doota,
767 1585 857 1637 psallere
897 1623 899 1627 Α

80 1661 101 1695 et
117 1656 192 1695 saltare
207 1655 331 1708 elegantius,
347 1668 408 1707 quam
423 1668 508 1695 neeesse
524 1657 557 1694 est
566 1655 648 1706 probae,
664 1654 727 1693 multa
742 1654 788 1704 alia,
804 1667 857 1706 quae
920 1672 932 1690 ι

56 1726 216 1765 3instrumenta
230 1725 325 1765 luxuriae
341 1727 394 1764 sunt.
424 1725 462 1764 sed
481 1724 500 1763 ei
518 1724 597 1764 cariora
617 1736 699 1776 semper
714 1724 780 1763 omnia
795 1722 855 1775 quam

81 1796 143 1835 decus
152 1800 213 1847 atque
224 1795 322 1848 pudicitia
336 1795 383 1845 fuit3
398 1794 497 1847 pecuniae
508 1807 534 1833 an
544 1794 610 1833 famae
620 1793 686 1832 minus
697 1797 791 1846 parceret
801 1793 856 1832 haud

79 1866 139 1905 facile
151 1866 289 1915 discerneres,
304 1866 373 1905 lubido
385 1865 414 1904 sio
422 1877 514 1914 aceensa,
524 1863 635 1916 utsaepius
642 1866 723 1916 peteret
730 1863 785 1903 viros
796 1875 856 1915 quam

56 1941 69 1973 4
80 1937 192 1987 peteretur.
223 1936 260 1975 sed
271 1948 296 1974 ea
307 1948 368 1988 saepe
379 1935 466 1975 antehae
475 1934 536 1974 fidem
546 1934 671 1987 prodiderat,
687 1933 786 1973 oreditum
802 1933 857 1973 abiu-

26 2029 28 2031 ’
45 2030 126 2069 auctore,
149 2026 196 2061 ohne
217 2026 271 2061 ihren
290 2025 432 2061 Gewabrsmaun
492 2026 509 2059 3.
521 2024 577 2059 etiam
593 2023 673 2068 aliquot,
693 2023 746 2067 legar
763 2023 856 2059 etuelche.

44 2086 78 2120 mit
96 2084 254 2127 hereiuzuziehen,
273 2095 296 2118 zu
313 2094 390 2119 neuneu.
410 2103 432 2109 -
468 2082 624 2125 —toteraaeraat
633 2082 698 2117 hatten
706 2082 856 2125 tragenktu'uen,

45 2153 114 2189 qaoque
126 2159 150 2171 =
162 2145 179 2176 et
192 2152 233 2186 qao,
245 2141 281 2185 vgl.
293 2144 322 2187 21,
336 2145 351 2177 1.
492 2140 522 2176 25.
543 2143 558 2176 1.
576 2139 636 2175 uirilis
656 2131 747 2175 audactae
764 2139 856 2183 facinora,

69 2204 85 2238 5.
97 2200 166 2243 stadia,
181 2200 303 2244 Geneigtlreit.
468 2199 562 2235 manulioh
573 2199 636 2234 kuhne
649 2199 726 2234 Thalen.

296 2292 299 2298 ,
492 2260 509 2293 2.
522 2260 581 2302 atque,
595 2257 632 2291 und
645 2256 696 2294 dazu.
720 2256 749 2291 Zu
762 2256 796 2292 den
809 2257 856 2292 Vor-

44 2305 75 2341 24·
87 2305 118 2341 25·
138 2303 193 2339 wahl
210 2303 285 2341 05001‘05
303 2314 346 2339 zum
361 2304 433 2340 K⁰¹1f¹11
468 2320 527 2360 ziigeu
543 2315 577 2350 der
594 2315 664 2350 Ceburt
681 2316 765 2351 kommen
781 2315 856 2350 dieder

76 2362 290 2405 flflflVWbffiit'mgffl
302 2361 400 2399 Gflffll'flfls·
468 2374 622 2417 Lebeusltellung.
643 2393 663 2398 -
685 2374 731 2408 satta
751 2375 856 2417 fortaaata,

67 2432 98 2468 24.
117 2434 134 2467 2.
147 2432 223 2476 factata,
236 2432 328 2476 Ereignis.
341 2443 433 2477 -aeqae
467 2432 584 2479 reobtqvom
611 2430 670 2467 Gliiok
697 2432 805 2476 begdnltigt.
832 2450 855 2456 -

43 2494 104 2526 tamea
118 2489 212 2534 Catilinae,
226 2490 327 2535 Cegenlata
340 2502 363 2526 zu
372 2501 431 2535 popa-
464 2490 540 2535 probae,
553 2490 584 2525 fiir
596 2491 635 2526 eine
648 2490 728 2526 ehrlame
740 2491 795 2525 Frau.

42 2549 90 2583 laris
108 2548 245 2583 ooatarattoais.
262 2568 284 2573 -
297 2559 376 2593 parare,
395 2549 431 2585 bei·
490 2551 507 2583 3.
526 2548 580 2583 decas
595 2552 649 2593 atque
664 2548 764 2592 pudicitia,
781 2547 856 2583 Sohiok·

42 2607 128 2643 lohaffen.
149 2626 171 2631 —
191 2606 279 2650 Fasatae,
303 2607 322 2641 in
343 2607 431 2656 Etrurien
466 2607 543 2643 liabkeit
555 2606 620 2650 (decet)
635 2606 672 2642 und
684 2605 800 2641 Sittlamkeit.

44 2665 135 2711 (Fiesole)¹
144 2685 166 2689 -
175 2665 216 2700 aaa
228 2665 318 2710 factabat,
331 2665 431 2710 entspricht
490 2667 507 2701 4.
519 2664 551 2700 sed
563 2675 589 2709 ea,
599 2664 658 2700 ‘faura
675 2664 698 2698 [ie
711 2674 746 2698 von
759 2664 809 2698 einer
822 2673 855 2698 an-

43 2724 83 2760 hier
110 2723 182 2759 unl'erm
206 2723 358 2760 volkstiimliohen
384 2724 430 2769 „los-
467 2724 512 2760 dern
531 2723 581 2760 Saite
602 2723 634 2760 der
653 2722 800 2758 Verdorbeuheit
820 2723 855 2758 ein.

41 2782 146 2828 satagent
220 2824 221 2827 Ἴ
467 2803 490 2809 -
510 2783 604 2824 creditam,
630 2782 662 2817 das
683 2783 814 2817 Anvertraute.
832 2801 855 2807 —
