1872 3089
117 84 159 125 110
396 93 414 122 ο.
423 92 524 122 sanunsnr
535 93 605 123 cnrsrr

87 193 98 228 7
116 192 203 231 tereret.
234 191 288 242 quod
308 189 343 229 ubi
358 189 433 230 milites
449 203 557 243 accepere,
575 191 642 243 magis
660 191 767 231 atrocitate
782 190 813 231 rei
834 202 894 242 quam

116 261 158 300 fide
172 259 239 300 nuntii
253 262 357 300 terrentur
373 260 474 313 simulque
492 260 574 300 barbari
592 260 669 302 animos
690 261 763 301 tollere
778 263 800 299 et
814 260 835 300 in
849 272 894 313 per·

87 333 99 367 8
117 331 185 371 culsos
205 329 309 370 Romanos
331 330 398 369 aerius
419 330 521 374 incedere.
552 331 633 384 iamque
652 332 734 385 paulum
752 343 764 370 a
781 331 831 383 suga
849 331 894 370 ahe-

118 404 173 450 rant,
192 413 238 440 oum
253 398 319 449 Sulla,
341 399 455 452 profligatis
477 400 516 450 eis,
534 413 585 453 quos
605 402 715 442 advorsum
729 401 791 450 ierat,
812 400 894 439 rediens

88 473 99 507 9
118 471 143 510 ab
158 471 224 510 latere
235 469 313 509 Mauris
328 470 419 512 incurrit,
435 469 528 510 Bocchus
544 470 612 511 statim
628 472 733 512 avortitur.
755 474 776 510 at
785 470 894 522 Iugurtha,

118 542 167 580 dum
185 542 301 581 sustentare
320 553 368 580 suos
384 542 404 581 et
425 553 489 593 prope
509 541 549 580 iam
568 541 664 594 adeptam
681 542 788 583 victoriam
805 541 894 581 retinere

119 611 180 665 cupit,
197 611 347 650 circumventus
363 611 388 650 ab
404 611 506 663 equitibus
522 611 596 651 dextra
612 611 694 652 sinistra
709 612 801 652 omnibus
817 611 894 661 occisis,

77 685 101 718 10
119 681 174 720 solus
198 681 252 720 inter
273 681 315 720 tela
338 681 427 720 hostium
447 680 572 720 vitabundus
595 682 689 735 erumpit.
725 686 787 734 atque
813 681 896 721 interim

119 751 197 791 Marius
212 751 289 803 fugatis
300 750 403 803 equitibus
414 750 503 791 accurrit
514 750 591 790 auxilio
602 752 650 801 suis,
666 765 716 804 quos
726 752 775 805 pelli
785 752 825 792 iam
840 763 895 791 acce-

79 825 100 859 11
119 824 183 876 perat.
216 820 304 873 denique
318 821 389 860 hostes
404 821 444 860 iam
460 821 550 873 undique
565 822 610 860 fusi.
640 824 684 861 tum
698 822 836 875 spectaculum
851 822 896 861 hcr-

120 892 178 932 ribile
200 891 277 944 campis
297 891 425 944 patentibus:
448 891 506 944 sequi
527 892 599 943 fugere
615 892 680 931 occidi
695 892 748 945 capi,
768 893 815 944 equi
835 894 895 944 atque

119 962 159 1002 uiri
169 961 245 1011 afflicti,
261 974 285 1001 ac
298 961 356 1001 multi
367 961 484 1001 volneribus
495 961 583 1014 acceptis
599 974 665 1014 neque
673 961 745 1014 fugere
755 975 816 1015 posse
830 975 896 1014 neque

121 1033 211 1084 quietem
226 1031 275 1084 pati,
290 1030 328 1070 niti
338 1031 396 1071 modo
409 1043 432 1071 ac
448 1031 516 1070 statim
528 1032 641 1081 concidere,
657 1035 758 1085 postremo
769 1032 842 1081 omnia,
857 1045 896 1084 qua

120 1102 178 1142 visus
194 1105 244 1151 erat,
259 1104 361 1141 constrata
376 1101 422 1141 telis
441 1102 502 1141 armis
518 1102 652 1142 cadaveribus
671 1105 692 1142 et
709 1102 763 1142 inter
783 1115 808 1142 ea
822 1102 897 1142 humus

121 1172 197 1212 infecta
212 1172 318 1224 sanguine.
596 1158 598 1161 .

80 1247 117 1283 102
182 1243 232 1282 Post
247 1254 270 1281 ea
285 1242 326 1282 loci
342 1242 411 1282 consul
427 1242 555 1281 hauddubie
569 1242 609 1281 iam
625 1242 690 1282 victor
699 1242 793 1295 pervenit
807 1242 829 1282 in
844 1242 898 1295 oppi-

92 1321 104 1353 2
123 1314 171 1353 dum
183 1311 266 1362 Cirtam,
282 1325 321 1364 quo
337 1311 394 1352 initio
409 1313 512 1365 profectus
527 1311 649 1352 intenderat.
673 1325 696 1352 co
712 1315 758 1366 post
773 1312 827 1353 diem
842 1313 898 1365 quin-

121 1387 165 1424 tum
174 1395 233 1435 quam
242 1382 316 1422 iterum
324 1382 406 1422 barbari
414 1382 467 1422 male
477 1384 621 1435 pugnaverant
628 1383 691 1435 legati
701 1395 714 1422 a
720 1382 800 1423 Boccho
808 1384 899 1432 veniunt,

122 1454 158 1507 qui
167 1453 224 1505 regis
234 1453 303 1492 verbis
314 1453 338 1492 ab
350 1452 415 1492 Mario
428 1452 528 1505 petivere,
544 1453 595 1493 dnos
611 1466 670 1506 quam
680 1453 795 1493 fidissumos
811 1454 835 1493 ad
853 1467 899 1494 eum

122 1524 225 1574 mitteret,
246 1524 301 1562 velle
317 1523 343 1562 de
362 1536 398 1562 sno
414 1526 435 1563 et
451 1523 476 1562 de
491 1523 561 1576 populi
581 1523 668 1563 Romani
687 1525 790 1564 commodo
809 1523 899 1564 cumeis

93 1601 104 1635 3
123 1594 232 1635 disserere.
266 1593 302 1632 ille
322 1593 391 1632 statim
405 1592 429 1635 L.
447 1593 524 1633 Sullam
540 1594 560 1633 et
573 1592 599 1636 A.
614 1593 713 1634 Manlium
728 1594 758 1634 ire
772 1594 835 1634 iubet.
866 1594 900 1646 qui

112 1747 128 1779 7.
142 1743 237 1778 atrocitate
249 1743 283 1786 rei,
302 1743 334 1778 das
347 1742 477 1779 Schreckliche
512 1742 555 1778 102.
563 1742 649 1779 Bocchus
655 1742 902 1786 bictctUnterlrandlnngen

88 1801 477 1847 dergemeldetenThatlacheerlehutterte
524 1811 556 1837 an.
581 1801 635 1837 Sulla
646 1802 696 1838 rm'rd
708 1802 736 1837 als
747 1800 890 1837 Unterhttndler

87 1862 107 1897 1ο
113 1860 161 1904 sehr,
174 1859 209 1905 dall
216 1860 296 1895 [ienicht
305 1859 334 1895 die
341 1859 478 1904 Glaubwurdig·
646 1860 771 1903 abgelchickt.

88 1920 128 1955 keit
140 1919 254 1963 uberlegten
537 1917 580 1953 102.
594 1921 610 1953 l.
620 1921 664 1962 post
676 1928 697 1952 eo
709 1918 749 1961 toci,
763 1917 799 1963 vgl.
811 1920 840 1954 63.
853 1919 869 1953 6.
880 1937 900 1943 -

113 1992 130 2025 3¹
139 1989 224 2033 Paulum,
236 1999 271 2023 nu,
283 1988 343 2032 Wffljg
354 1987 408 2023 noch¹
511 1975 595 2020 pervenit
606 1975 633 2019 aa,
653 1986 674 2011 er
690 1976 787 2012 erreichte.
806 1994 828 2001 -
846 1975 901 2011 initio

514 2045 537 2069 zu
548 2033 657 2069 intenderat.
674 2033 715 2078 Vgl.
729 2036 768 2069 100.
783 2036 797 2069 1.
927 2037 933 2070 j

538 2095 554 2127 2.
567 2092 639 2136 iterum,
651 2092 670 2127 in
680 2092 720 2127 dem
734 2094 773 2128 100.
784 2092 903 2128 1019111111-

514 2155 547 2186 ten
567 2149 641 2194 Kampf.
665 2140 716 2185 siber
737 2150 772 2185 den
794 2150 852 2186 erlten
870 2161 902 2185 un·

515 2207 632 2252 glucklichen
648 2207 718 2252 Kampf
734 2207 770 2251 vgl.
788 2209 864 2244 97—99.
881 2226 903 2233 -

113 2061 129 2095 9.
143 2059 241 2102 auertitur,
254 2058 304 2094 hier:
321 2058 367 2093 wird
379 2057 478 2102 geworfen.

89 2137 113 2145 -
126 2117 216 2162 adeptam,
234 2117 270 2161 vgl.
286 2118 313 2151 17.
327 2120 343 2152 7.
361 2136 382 2142 -
403 2116 479 2151 circum·

88 2179 163 2219 neotus,
169 2176 216 2211 nird
223 2175 311 2220 umringt,
320 2175 410 2210 nachdem
418 2175 479 2210 reehts

89 2233 189 2270 undlmks
202 2260 206 2268 .
219 2261 223 2269 .
236 2260 240 2269 .
253 2233 295 2268 und.
309 2252 330 2258 —
344 2232 479 2277 solas,1nf01ge
514 2267 562 2312 mais
573 2266 641 2310 verbis,
657 2267 693 2310 VEL
709 2269 738 2301 21.
750 2267 767 2301 4.
783 2286 806 2292 -
821 2266 847 2301 ad
859 2276 904 2310 eum!

89 2303 125 2329 von
138 2292 220 2326 coraibus
233 2291 304 2329 occisis.
517 2326 521 2333 Ι
566 2326 570 2333 ,

215 2361 219 2368 .
275 2360 294 2368 ..
436 2361 440 2368 ,
515 2336 540 2360 1111
552 2325 607 2361 Smne
619 2324 653 2360 der
662 2323 769 2368 Geiandten,
782 2322 849 2359 ebenso
861 2322 905 2358 celle

115 2363 143 2398 10.
155 2361 333 2406 fupotasoqmtabus.
357 2361 410 2396 Naclr
423 2361 481 2397 dieser
515 2393 556 2418 eum
573 2382 671 2425 disserere,
690 2381 773 2426 dagegen
789 2381 811 2416 de
828 2390 861 2416 suo
879 2381 904 2416 im

90 2418 480 2463 9111111111ΠὲΨὲπῆΠοωῡὴᾶῑθὸΡῑῑΖθᾶθὲ
517 2439 905 2485 smne‹sessonensneseigenensaties.

90 2477 193 2514 romischen
206 2477 268 2543 Zuges
287 2476 330 2521 (vgl.
349 2477 397 2512 oben
412 2478 431 2521 6)
446 2487 481 2512 1οΠ
516 2518 540 2525 ..
552 2509 593 2534 aona
605 2498 639 2542 eis,
659 2498 700 2534 di.
717 2497 752 2533 den
767 2497 833 2533 beiden
844 2498 905 2543 Ange-

89 2537 173 2572 Reiterei
185 2534 299 2580 angegrrffen
311 2535 391 2570 worden.
516 2557 612 2593 ordnetffi

118 2620 146 2652 11.
159 2616 235 2660 afflicti,
252 2616 289 2661 vgl.
306 2617 335 2653 60.
351 2618 366 2651 7.
383 2634 406 2642 ·-
424 2625 481 2660 neque
540 2618 557 2651 3.
575 2614 669 2660 raptatam
687 2632 709 2638 -
729 2613 855 2656 corraderent,
875 2614 906 2649 be·

90 2675 170 2721 quietem
185 2674 238 2718 pati,
256 2674 340 2710 konnten
357 2674 410 2710 keine
428 2674 481 2710 Rnhe
516 2673 602 2709 neichnet
614 2673 673 2708 naher
685 2671 720 2708 den
732 2672 752 2707 in
766 2672 840 2716 placuit
851 2672 906 2708 cerba

92 2733 161 2769 finden.
169 2751 192 2757 —
200 2731 242 2775 niti,
255 2732 348 2777 strengten
360 2732 397 2767 fich
409 2742 433 2768 an
445 2732 481 2768 fich
516 2730 578 2774 farere
589 2730 725 2774 angedeuteten
734 2729 813 2775 Austrag
826 2731 857 2766 des
866 2730 906 2766 Ma·

90 2790 226 2827 aufzurichten.
517 2789 563 2825 rius.
587 2786 907 2833 Mitbezugaufoelle—dissererc
