1872 3089
98 27 125 69 78
383 37 400 66 c.
410 38 510 67 sunausrr
520 38 589 67 esrsri

98 138 119 174 et
133 135 207 175 timore
222 135 264 174 soci
284 135 367 185 auxius,
386 148 413 175 ue
432 135 505 175 amisso
526 138 598 175 vetere
618 134 701 175 consilio
719 147 795 174 norum
813 146 875 186 quae·
935 122 936 125 Ἴ

98 206 160 253 reret,
176 204 256 244 litteras
264 205 291 243 ad
301 217 348 244 eum
358 217 396 257 per
407 205 498 244 homiues
507 204 574 245 fidelis
589 204 656 254 mittit,
671 204 692 243 iu
708 204 754 256 quis
769 203 875 243 mollitiam

97 273 251 326 socordiamque
267 274 308 313 riri
328 287 435 324 accusare,
458 274 531 314 testari
552 275 611 324 deos,
631 287 670 327 per
687 287 737 326 quos
758 273 874 322 iuravisset,

97 356 180 383 monere
201 356 228 382 ne
246 344 337 395 praemia
357 336 436 383 Metelli
453 344 474 383 in
494 346 573 396 pestem
595 345 730 384 converteret.
759 343 875 395 Iugurthae

97 412 183 452 exitium
204 413 288 463 adesse,
309 417 400 454 aeterum
419 427 482 454 suane
503 426 529 454 an
548 414 627 454 Metelli
647 414 723 453 virtute
742 414 831 466 periret,
854 414 876 452 id

96 482 156 522 modo
173 482 255 535 agitari3
274 482 359 536 proinde
374 486 480 536 reputaret
495 496 541 523 cum
551 483 617 523 auimo
632 496 669 523 suo
684 484 775 536 praemia
790 496 816 522 au
832 496 875 522 eru-

63 556 86 591 71
99 552 173 591 clatum
183 552 259 591 mallet¹
281 554 319 591 sed
334 565 380 592 cum
396 566 433 592 eae
443 554 526 593 litterae
536 553 616 602 allatae,
632 553 685 593 forte
695 542 800 592 Nabdalsa
816 565 875 591 exer-

74 620 137 660 2cito
160 633 244 673 corpore
260 621 327 660 fessus
343 621 362 661 in
379 622 431 662 lecto
450 621 578 674 quiescebat,
597 621 632 661 ubi
654 621 740 673 cognitis
755 621 875 661 Bomilcaris

97 689 167 730 verbis
177 690 241 743 primo
253 703 307 740 cura,
319 691 399 741 deinde,
415 691 445 730 uti
456 704 540 743 aegrum
550 690 638 731 animum
649 690 707 740 solet,
723 704 805 731 somnus
816 691 875 744 cepit.

74 765 85 798 3
98 762 143 798 erat
158 759 177 799 ei
187 759 276 800 Numida
292 761 374 812 quidam
389 752 516 813 negotiorum
532 763 619 810 curator,
635 760 689 800 fidus
704 762 840 813 acceptusque
855 764 876 800 et

74 834 85 867 4
98 829 187 868 omnium
197 830 326 869 consiliorum
333 830 372 869 nisi
380 830 492 870 novissumi
501 828 610 883 particeps.
641 831 676 882 qai
685 836 793 883 postquam
803 830 875 870 allatas

97 898 177 937 litteras
198 900 277 938 audivit
295 902 359 939 etex
378 899 525 939 cousuetudine
540 901 598 938 ratus
614 912 676 951 opera
691 901 727 938 aut
742 899 823 951 iugenio
839 911 876 938 suo

99 980 150 1021 opus
166 981 211 1008 esse
220 968 241 1007 in
256 969 411 1008 tabernaculum
422 969 504 1018 introiit,
520 968 634 1008 dormiente
648 967 683 1008 illo
695 968 803 1021 epistulam
814 982 876 1022 super

99 1040 160 1090 eaput
174 1038 195 1077 in
210 1038 293 1091 pulvino
305 1042 382 1078 temere
398 1038 484 1091 positam
500 1039 563 1078 sumit
578 1050 601 1078 ae
617 1038 710 1091 perlegit,
727 1039 774 1077 dein
789 1051 876 1091 propere

75 1107 185 1158 ficcgnitis
205 1107 284 1146 insidiis
305 1108 332 1147 ad
347 1120 417 1160 regem
432 1107 506 1161 pergit.
536 1107 641 1148 Nabdalsa
661 1107 721 1160 paulo
737 1109 784 1160 post
804 1119 876 1160 exper-

98 1180 167 1216 rectus
182 1177 217 1216 ubi
227 1189 295 1229 neque
310 1177 418 1230 epistulam
433 1177 526 1230 repperit
541 1180 562 1216 et
577 1190 621 1216 rem
631 1190 710 1216 omnem
725 1177 756 1216 uti
771 1178 817 1216 aeta
832 1180 876 1216 erat

99 1246 206 1297 coguovit,
225 1246 290 1298 primo
310 1247 398 1286 iudicem
413 1247 508 1299 persequi
524 1247 619 1296 conatus,
637 1248 746 1299 postquam
763 1246 785 1285 id
799 1246 877 1285 frustra

98 1315 145 1364 fuit,
165 1314 288 1366 Iugurtham
309 1316 405 1369 placandi
425 1316 491 1368 gratia
509 1316 596 1356 aceedit:
617 1315 665 1355 dicit
683 1328 736 1367 quae
754 1315 799 1368 ipse
820 1327 877 1368 para-

98 1385 164 1424 visset
182 1385 250 1424 facere
270 1384 356 1438 perfidia
379 1386 459 1425 clientis
483 1385 515 1425 sui
537 1388 661 1438 praeventa3
685 1385 802 1424 lacrumans
822 1386 877 1424 ohte-

99 1455 166 1493 statur
185 1467 222 1507 per
243 1454 351 1494 amicitiam
367 1467 444 1508 perque
465 1467 503 1494 sua
521 1458 581 1494 autea
599 1453 689 1493 fideliter
704 1457 758 1503 acta,
774 1466 800 1493 ne
816 1467 878 1507 super

65 1613 193 1657 nusfahrung.
205 1633 228 1639 —
237 1617 303 1656 ‘rastas
316 1614 348 1649 des
357 1614 453 1649 Nabdalsa.
488 1614 598 1650 auihalbem
604 1613 663 1658 Wege
675 1613 796 1656 zuriiclrhielt,
808 1614 878 1650 konute

63 1675 125 1715 maus,
139 1672 168 1706 die
181 1671 252 1716 Schcu,
268 1672 394 1716 vorzngehen,
414 1675 453 1707 eut·
489 1672 517 1707 dic
530 1682 587 1716 gaure
600 1670 659 1706 Sache
671 1671 787 1707 verderblich
798 1671 877 1708 werden.

64 1729 139 1765 [tauden
147 1740 181 1765 aus
191 1729 223 1765 der
228 1729 343 1774 Voraeuung
352 1730 384 1765 der
393 1729 454 1777 Grdjie
489 1750 512 1755 -
525 1730 626 1775 Iapartlrae
642 1730 714 1774 adesse,
732 1731 773 1766 dem
789 1730 878 1775 Iugurtha

64 1788 96 1822 der
109 1787 185 1823 Uuthat.
203 1808 227 1813 —
244 1788 309 1823 timore
327 1787 377 1830 soci,
396 1788 454 1823 durch
489 1789 513 1825 lei
525 1790 579 1823 nahe.
591 1807 614 1813 -
626 1798 690 1830 arcane,
706 1788 786 1823 namlich
799 1788 830 1824 des
843 1789 877 1824 Βο-

64 1846 94 1880 die
105 1845 177 1880 Furcht
188 1855 221 1880 ror
238 1845 278 1880 dem
291 1845 380 1881 Geuollen
392 1846 454 1882 wurde
489 1846 556 1881 milkar
567 1845 604 1882 und
616 1845 713 1882 Nabdalsa.

65 1915 85 1939 er
93 1903 212 1947 beuuruhigt‚
221 1903 314 1946 angltliah
322 1903 367 1938 wird
373 1913 454 1947 genauer

65 1961 155 1997 heltimmt
168 1961 225 1996 durch
238 1965 400 2005 are-qaaereret.
420 1962 454 1996 Bei
514 1963 575 1997 71.1.
598 1961 677 1996 crrae‘-
690 1962 757 1996 altatae
776 1965 843 2006 (saliat),
859 1963 878 1997 in

64 2019 157 2055 Nabdalsa
169 2029 207 2054 war
220 2029 240 2054 es
253 2018 318 2061 Schen,
331 2019 371 2054 eine
383 2018 454 2054 Unthat
491 2021 531 2055 dem
540 2020 655 2064 Augenblick
667 2031 702 2055 wc.
714 2039 737 2045 —
749 2020 826 2054 caercito
839 2030 878 2055 cor-

65 2089 88 2113 zu
96 2078 185 2123 hegeheu,
198 2077 228 2112 hei
235 2077 329 2112 Bomillrar
336 2077 408 2112 Furcht
420 2088 454 2112 ror
487 2088 539 2123 pore,
554 2077 610 2114 durch
618 2079 737 2123 kerperliche
745 2079 879 2123 Anltreugung.

66 2137 99 2171 der
107 2135 249 2181 Entlchliellung
257 2136 365 2181 Nabdallas,
379 2136 408 2171 die
416 2136 454 2171 ihm
513 2139 529 2172 2.
542 2147 593 2181 cara,
606 2137 688 2183 Unruhe‚
700 2137 879 2181 Beunruhiguug.-

65 2195 119 2230 lelblt
131 2194 238 2230 Verdcrben
250 2194 328 2238 briugcu
343 2194 418 2231 konute.
431 2213 454 2219 —
489 2195 541 2239 salet,
560 2195 641 2232 namlieh
660 2205 732 2241 capere.
754 2213 778 2221 —-
798 2206 878 2241 aeprara,

66 2254 87 2288 ia
100 2253 146 2297 qais,
158 2253 298 2288 unterschieden
314 2264 350 2288 von
367 2253 417 2297 prais:
435 2253 455 2288 in
490 2254 548 2289 durch
554 2254 640 2298 diecara,
653 2253 772 2298 angegriffem
781 2254 879 2299 erichtpf.

65 2311 455 2355 welchemerunterauderminwelehem
515 2314 531 2347 3.
555 2312 669 2356 aepotioram
693 2316 776 2355 serrator,
800 2313 879 2348 welcher

66 2381 86 2406 cr
113 2368 259 2414 haupafachlich.
297 2389 317 2395 -
355 2369 455 2415 usurariam,
491 2371 878 2417 seins{hauslichenlGeichaftebcsorgte;

66 2429 171 2463 Schwache.
196 2428 303 2471 socordiam,
316 2428 421 2472 Laffigheit.
433 2448 455 2453 —-
493 2430 522 2475 „in
535 2429 613 2465 Dienlt“.
625 2450 648 2455 —
654 2429 753 2473 particeps,
766 2430 879 2474 eingeweiht.

66 2497 162 2532 accusare,
180 2486 249 2531 klageu
264 2486 315 2521 uber.
334 2505 356 2511 ·—
372 2485 456 2530 praerato
515 2489 533 2522 4.
545 2497 607 2532 opera,
620 2486 878 2533 thallicheHilfe‚impertiam,

67 2545 144 2589 Metelli,
156 2545 191 2589 vgl.
202 2546 232 2581 61.
244 2546 261 2578 4.
273 2547 319 2580 5.-
327 2555 350 2578 ae
362 2544 457 2588 luperam
492 2545 546 2591 Kopf.
561 2565 580 2571 -
594 2550 663 2589 temere,
676 2545 804 2590 unvorfichtig.

67 2607 186 2639 converteret.
211 2602 310 2646 Dadurch‚
327 2602 361 2648 dati
382 2613 402 2638 er
424 2603 457 2638 auf
515 2606 531 2639 5.
545 2604 803 2649 qaae—paravissetfaceie,
812 2613 849 2638 was
860 2613 880 2638 er

68 2662 98 2698 die
121 2672 157 2697 von
175 2660 261 2696 Metellus
283 2662 301 2696 iu
320 2660 405 2697 Ausficht
425 2672 455 2706 ge·
491 2673 514 2697 zu
526 2662 749 2707 thunvargehabthatte,
761 2661 880 2697 namlichdic

69 2720 141 2757 ltellten
159 2719 291 2764 Belohnungeu
309 2719 392 2765 maging,
410 2720 456 2756 aber
491 2722 578 2766 Anaeige.
591 2742 613 2747 —
625 2731 687 2765 saper,
699 2720 757 2756 l'cltcn
769 2720 812 2755 aaa
824 2720 850 2755 de.
