1872 3089
266 60 295 88 nn
305 57 421 88 carinnmn
432 57 592 87 comunnrrorn
602 57 620 86 c.
631 59 671 86 2-3.
844 47 858 88 3

81 158 145 199 vitam
156 158 215 198 sicuti
220 156 378 211 peregrinantes
386 158 517 207 transegere:
529 155 603 208 quibus
613 156 705 208 profecto
716 156 787 195 contra
801 157 858 195 natu-

80 241 125 269 ram
140 230 213 283 'corpus
223 227 329 281 voluptati,
343 226 412 267 anima
423 225 479 267 oneri
489 225 533 266 fuit.
557 238 627 266 eorum
637 238 677 279 ego
692 225 757 269 witam.
765 229 858 265 mortem-

81 313 121 353 que
138 301 198 340 inxta
218 301 318 348 aestumo,
339 293 433 350 qnoniam
449 297 475 337 de
492 295 676 349 utraqnesilctur.
706 309 779 336 rerum
797 296 882 335 enim-9

81 383 130 411 vero
145 371 163 410 is
179 370 261 410 demum
272 368 321 408 mihi
333 368 405 409 vivere
421 370 482 420 atque
497 367 538 407 frui
553 367 620 407 anima
635 367 724 417 videtur,
740 367 775 420 qui
791 366 858 420 aliquo

81 440 162 492 negotio
177 439 267 479 intentus
281 438 382 492 praeclari
392 437 487 478 facinoris
503 439 539 478 aut
549 438 600 477 artis
610 438 675 478 honae
688 438 762 478 famam
773 437 858 491 quaerit.

82 510 119 550 sed
129 509 150 550 in
159 522 235 562 magna
243 509 300 563 copia
310 522 379 549 rernm
390 509 446 548 aliud
456 508 490 548 alii
501 511 575 548 natura
585 509 625 549 iter
632 508 728 549 ostendit.
750 508 859 562 pulchrum
870 511 883 547 3

81 583 114 620 est
127 581 180 621 bene
195 581 262 620 facere
278 580 309 620 rei
323 579 424 633 publicae,
439 579 501 619 etiam
515 580 569 619 bene
585 579 654 619 dicere
672 579 729 619 hand
746 579 858 619 absurdum

82 654 125 692 est:
144 652 178 692 rel
192 663 243 704 pace
259 650 293 690 vel
307 651 362 691 bello
378 650 455 691 clarum
473 649 518 691 fieri
533 650 587 692 licet.
618 652 639 690 et
655 650 690 703 qui
704 650 772 690 fecere
787 651 809 690 et
823 649 859 702 qui

81 722 135 761 facta
141 722 230 761 aliorum
240 721 347 775 scripsere,
362 721 421 761 multi
431 721 546 761 laudantur.
576 734 601 761 ac
611 720 660 760 mihi
675 721 763 773 quidem,
777 720 858 759 tametsi
870 725 882 757 2

81 792 237 844 haudquaquam
252 804 290 845 par
305 791 371 843 gloria
386 791 479 844 sequitur
492 791 613 844 scriptorem
627 794 649 830 et
665 792 767 831 auctorem
782 803 858 836 rerum,

81 864 149 902 tamen
169 862 190 901 in
208 862 279 915 primis
298 862 384 901 arduum
402 861 486 901 videtur
507 874 541 901 res
560 863 630 913 gestas
650 861 751 911 scrihere3
772 860 859 914 primum

82 932 136 986 quod
149 932 207 972 facta>
223 931 282 971 dictis
302 932 437 985 exaequanda
455 934 511 981 sunt,
530 931 603 971 dehinc
624 931 672 983 qnia
691 931 784 984 plerique
805 944 858 983 quae

83 1002 158 1043 delicta
165 1002 328 1055 reprehenderis,
338 1002 482 1043 malevolentia
492 1004 514 1043 et
528 1001 606 1042 invidia
616 1002 672 1042 dicta
682 1003 767 1055 putant,
781 1001 817 1041 nhi
832 1002 859 1041 de

80 1085 156 1125 magna
165 1072 242 1112 virtute
257 1075 319 1125 atque
334 1072 399 1125 gloria
414 1073 511 1113 honorum
525 1072 632 1121 memora,
651 1085 703 1125 quae
718 1072 757 1113 eibi
772 1072 859 1126 quisque

81 1143 149 1183 facilia
163 1143 219 1182 factu
233 1145 297 1197 putat,
313 1155 378 1196 aequo
394 1143 459 1183 animo
475 1143 553 1197 accipit,
569 1155 632 1196 snpra
647 1155 673 1182 ea
682 1142 748 1183 veluti
763 1142 811 1183 ficta
821 1155 858 1196 pro

81 1213 138 1254 falsis
154 1213 216 1253 ducit.

140 1281 183 1324 Sed
197 1296 236 1335 ego
252 1284 418 1324 adulescentulus
433 1283 491 1324 initio
507 1284 567 1324 sicuti
578 1283 674 1337 plerique
690 1283 757 1323 studio
773 1283 800 1322 ad
814 1287 882 1323 rem3

81 1353 182 1408 publicam
197 1354 252 1393 latus
268 1367 318 1403 sum,
337 1354 405 1406 ibique
420 1354 468 1393 mihi
483 1354 547 1393 multa
563 1355 652 1395 advorsa
667 1354 730 1393 fuere.
760 1366 808 1393 nam
822 1365 859 1406 pro

82 1479 130 1515 Herz
143 1478 264 1516 werwahrlolt.
284 1498 307 1503 -
325 1479 381 1514 morati
389 1479 471 1524 pereprt-
508 1480 540 1516 der
564 1479 659 1517 einzelnen
683 1478 850 1523 Besnhaftigungen
870 1477 896 1512 im

82 1540 154 1581 nantes,
171 1537 203 1573 das
215 1537 278 1573 heheu
292 1537 341 1582 blieb
353 1537 383 1572 fur
395 1538 418 1574 fie
431 1538 472 1574 eine
506 1538 605 1583 folgenden
617 1537 698 1583 Kapitel.
733 1580 736 1590 s

84 1595 169 1641 Frende,
183 1596 224 1631 weil
239 1596 262 1631 lie
278 1606 297 1632 es
310 1596 361 1632 nicht
373 1596 392 1631 in
404 1597 471 1632 leinem
529 1596 549 1633 3.
568 1601 585 1634 1.
596 1596 640 1631 bene
648 1596 710 1639 faeere
717 1595 745 1630 rei
750 1594 842 1639 publicae,
852 1595 895 1630 benc

82 1654 158 1690 wahren
181 1654 247 1690 Werte
271 1653 332 1700 erfadt
356 1654 428 1690 hatten.
449 1675 472 1680 -
507 1654 571 1698 dicere,
585 1655 620 1691 wie
632 1655 684 1698 oben,
698 1654 793 1699 praeclara·
804 1653 896 1697 foenoris

83 1712 149 1757 quibus
154 1712 245 1757 profecto,
251 1712 288 1748 und
297 1713 357 1748 diesen
365 1712 471 1757 allerdings.

4 1812 14 1824 μ
82 1788 104 1794 -
111 1770 179 1815 aalma,
189 1770 364 1814 derLebenshaueh‚
373 1770 406 1806 der
411 1774 470 1814 Atem,

84 1827 132 1863 daun
144 1844 168 1857 =
180 1828 212 1865 das
225 1829 317 1874 phyfische
329 1829 397 1865 Lehen¹
427 1843 429 1845 ·

106 1888 123 1921 9.
135 1897 197 1922 oerum
213 1888 307 1930 enimvero,
327 1887 373 1923 denn
387 1888 471 1923 wirklich

82 1946 101 1980 in
107 1945 212 1981 Wahrheit.
225 1945 279 1981 Diele
287 1945 418 1990 pleonaltilche
427 1946 470 1981 Par-

83 2003 129 2039 tikel
140 2003 216 2050 schliejlt
232 2004 273 2040 hier
289 2003 418 2048 hekraftigend
434 2003 471 2039 und

82 2061 189 2097 erlauternd
197 2072 221 2097 an
232 2062 290 2098 citam
298 2066 406 2106 mortemque
417 2060 472 2097 iuxta

82 2123 162 2165 motorum
182 2131 212 2155 an.
236 2140 257 2145 Ἀ
277 2120 344 2164 cicere,
363 2120 470 2165 (wahrheft)

81 2177 140 2213 leben.
165 2198 187 2204 -
212 2178 293 2213 intentos
311 2178 382 2223 sepelio
402 2178 471 2223 utiquo,

82 2235 471 2282 durchirgendeineLehenshelchaftigung

82 2303 128 2337 ganz
135 2294 155 2329 in
161 2294 257 2339 Anlpruch
265 2305 379 2339 genommen.
388 2314 410 2320 —
416 2305 471 2339 proe-

82 2350 129 2385 clori
138 2351 233 2396 facinoris,
246 2354 270 2388 im
279 2352 470 2398 offentlichenhehem

81 2406 170 2454 rn'Krieg
186 2403 230 2446 oder
242 2410 327 2455 Frieden,
346 2411 394 2448 ortas
408 2412 470 2455 bonae,

82 2468 100 2502 in
109 2467 237 2504 wihenloh-oft
246 2469 291 2504 oder
299 2469 362 2505 Kunlt.
374 2488 397 2494 —
409 2480 471 2504 rerum

81 2526 175 2571 mithezug
191 2526 224 2561 auf
240 2527 336 2571 praeclari
350 2527 442 2571 faenoris
454 2539 472 2562 u.

37 2610 39 2612 .
82 2582 471 2630 bonacurtis,derLehenshesehafn'gungen

507 1713 545 1748 und
553 1713 600 1748 artis
608 1714 665 1748 honae
674 1714 731 1757 fama.
744 1732 767 1737 -
779 1716 796 1747 ct
808 1732 831 1738 -
843 1712 897 1747 multi

506 1771 617 1815 laudantia,
645 1771 713 1807 lowohl
738 1771 802 1815 deren,
826 1770 910 1806 welche

506 1830 579 1865 Thatsn
589 1829 702 1874 ausgefuhrt,
714 1829 742 1865 als
752 1830 814 1872 deren,
826 1829 895 1865 welche

507 1914 529 1925 ..
543 1889 633 1924 ¹werden
648 1889 695 1924 niele
713 1888 747 1923 mit
760 1887 800 1922 Lob
816 1892 896 1932 genennt

507 1946 543 1991 (ein
555 1947 689 1991 gewchnlioher
702 1946 853 1991 Germanismus).

530 2008 547 2039 2.
559 2004 613 2040 dictis
622 2003 728 2050 coaspirare,
737 2005 771 2040 mit
779 2005 858 2040 Worten
864 2016 895 2050 ge·

507 2062 896 2108 treuwiedergehen.-qaacreprehendcris

506 2121 549 2155 =si
558 2131 604 2165 quac
612 2121 757 2166 reprehenderim
766 2120 831 2156 ehenso
840 2121 862 2156 ilt
872 2132 895 2157 an

507 2179 548 2214 dem
559 2179 648 2215 relativen
657 2179 689 2214 uhi
696 2189 780 2214 metueres
787 2179 822 2214 das
829 2179 895 2215 Bedin-

505 2237 666 2281 gungsrerhaltnis
678 2231 711 2272 vfur
728 2236 763 2273 den
779 2237 896 2282 KonJ'nnktir

505 2294 617 2340 majlgehend
624 2295 666 2337 (ubi
671 2311 695 2323 =
700 2305 751 2330 wenn
756 2295 865 2340 irgendwo).
872 2316 894 2320 -·

506 2352 579 2396 accipit,
591 2352 642 2387 ditat
649 2353 683 2388 mit
689 2353 729 2388 dem
736 2353 813 2397 Suhjekt
819 2354 895 2399 quisque

505 2410 564 2445 nehen
573 2411 658 2455 plerique
668 2414 739 2455 parcant
752 2411 799 2446 noch
810 2417 834 2447 zu
846 2404 895 2456 quio.

507 2488 529 2494 -
542 2479 600 2514 ssqsru
613 2480 640 2513 eo,
652 2479 690 2505 was
704 2469 781 2505 daruher
793 2470 820 2505 ist.

531 2529 548 2564 3.
560 2527 597 2570 sed,
615 2517 715 2572 llbergang
737 2539 772 2563 ron
797 2528 838 2563 dem
872 2528 894 2563 ll·

506 2585 600 2629 gemeinen
612 2584 647 2620 auf
657 2585 687 2621 die
695 2585 762 2621 Person
776 2586 807 2622 des
817 2586 894 2623 Schrift-

82 2641 126 2677 0der
139 2642 171 2679 der
180 2643 262 2686 Gehiete,
276 2654 303 2678 wo
312 2654 354 2679 man
362 2643 420 2689 thatig
432 2644 471 2679 lein
505 2643 581 2681 ltellers.
599 2663 621 2668 -
640 2643 708 2688 studio,
724 2654 758 2680 aus
771 2644 895 2689 peridnlicher

81 2699 137 2735 kann.
157 2721 181 2726 —
201 2700 320 2736 aed-ostendit
344 2702 416 2737 enthelt
438 2702 470 2738 das
505 2702 895 2749 linguon-loannem,binhingefnmt

81 2758 470 2805 VerbindungsgliedzudenAufzahlungen
505 2760 585 2798 worden.
609 2780 632 2785 -
656 2760 745 2806 advorso,
765 2761 850 2798 zuwider.
871 2781 894 2787 -

769 2830 787 2858 1.
