1872 3089
247 170 277 198 nn
286 169 355 197 annuo
365 169 499 198 rnaunrnruo
509 169 527 197 o.
536 171 594 197 so-oa.
782 159 809 200 69

33 267 134 325 ceperant,
150 280 195 307 oum
211 266 307 320 oppidani
323 268 451 317 oonourrunt,
467 266 547 319 lapides
562 266 632 319 ignem
647 266 687 306 alia
701 268 809 319 praeterea

32 341 72 382 tela
79 339 183 391 ingerunt.
197 336 262 377 nostri
272 336 337 390 primo
344 337 449 386 resistere,
460 336 540 386 deinde,
551 336 586 376 ubi
596 349 649 377 unae
660 338 721 389 atque
732 336 809 376 alterae
822 345 833 379 7

32 410 99 452 soalae
113 407 259 457 comminutae,
282 407 317 459 qui
332 408 496 460 supersteterant
517 406 587 446 afflicti
608 410 666 456 sunt,
682 407 746 447 aeteri
761 419 809 459 quo-

32 493 71 534 quo
87 478 146 518 modo
161 480 252 530 potuere,
267 476 327 529 pauci
341 476 418 529 integri
432 488 507 528 magna
521 489 570 529 pars
588 476 706 516 volneribus
722 476 810 517 confesti

33 550 113 591 abeunt.
145 547 233 599 denique
248 547 351 599 utrimque
366 547 465 599 proelium
480 559 522 586 nox
538 546 624 586 diremit.

90 617 187 658 Metellus
202 620 310 670 postquam
325 616 382 656 videt
400 616 477 656 frustra
498 616 611 669 inceptum,
631 629 698 669 neque
713 617 809 670 oppidum
821 624 845 660 61

33 689 77 742 oapi
91 701 158 740 neque
173 688 296 740 Iugurtham
306 687 346 726 nisi
361 701 388 727 ex
398 687 477 726 insidiis
489 690 524 726 aut
534 700 571 726 suo
581 687 626 727 loeo
636 700 726 740 pugnam
741 688 809 726 faeere

4 767 9 776 “
33 759 107 801 etiam
128 760 228 798 aestatem
247 760 341 797 exactam
361 770 416 806 esse,
436 758 461 796 ab
478 757 540 796 Zama
556 757 644 797 discedit
662 757 718 797 etin
733 757 762 796 eis
778 770 810 796 ur-

32 831 96 878 bibus,
115 841 168 880 quae
184 829 211 867 ad
226 842 248 867 se
265 828 383 868 defeoerant
398 828 489 879 satisque
504 828 594 866 munitae
603 829 647 867 loeo
659 830 694 867 aut
704 828 810 867 moenibus

33 902 97 948 erant,
112 898 215 952 praesidia
228 898 317 951 imponit.
349 900 440 938 ceterum
455 897 570 937 exereitum
585 897 606 936 in
621 898 754 951 provinciam,
770 908 834 950 quaa

33 981 132 1023 proxuma
147 972 179 1008 est
189 968 303 1018 Numidiae,
318 968 422 1007 hiemandi
437 968 504 1020 gratia
520 968 610 1007 oollooat.
640 981 708 1020 neque
722 968 744 1008 id
759 974 809 1008 tem·
823 978 833 1010 3

32 1053 70 1094 pus
86 1053 114 1079 ex
129 1039 215 1078 aliorum
230 1047 285 1078 more
301 1039 365 1091 quieti
380 1041 415 1078 aut
430 1038 526 1077 luxuriae
542 1038 643 1088 oonoedit,
662 1039 700 1077 sed
715 1038 810 1091 quoniam

33 1110 93 1150 armis
108 1109 185 1149 bellum
200 1122 273 1162 parum
282 1109 412 1162 procedebat,
429 1108 515 1148 insidias
525 1109 571 1160 regi
585 1122 623 1161 per
634 1109 708 1148 amieos
724 1109 810 1148 tendere

33 1183 54 1219 et
69 1192 138 1219 eorum
152 1178 239 1232 perfidia
253 1191 290 1232 pro
306 1178 367 1217 armis
385 1178 416 1217 uti
435 1181 500 1230 parat.
529 1172 594 1229 igitur
608 1178 753 1227 Bomilcarem,
774 1178 833 1230 quit

33 1250 109 1289 Romae
126 1262 171 1288 eum
186 1248 287 1300 Iugurtha
307 1249 374 1288 fuerat
393 1252 415 1287 et
429 1248 478 1287 inde
493 1248 580 1287 vadibus
597 1248 649 1287 datis
666 1249 691 1287 de
706 1248 810 1287 Massivae

32 1333 83 1360 neoe
97 1319 195 1358 iudieium
209 1319 297 1370 fugerat,
313 1319 368 1371 quod
383 1317 402 1357 ei
416 1330 453 1371 per
463 1330 579 1357 maxumam
596 1318 705 1358 amicitiam
714 1330 811 1358 maxuma

33 1390 90 1442 eopia
105 1388 192 1428 fallundi
207 1391 258 1438 erat,
274 1388 342 1428 multis
358 1388 537 1441 pollioitationibus
549 1388 675 1439 aggreditur.
706 1401 730 1428 ao
744 1388 810 1441 primo
823 1397 833 1429 5

33 1459 95 1499 effioit
110 1459 140 1499 uti
155 1459 182 1498 ad
197 1472 219 1498 se
240 1458 368 1510 colloquendi
387 1458 454 1510 gratia
472 1457 564 1497 oneultus
579 1458 658 1507 veniat,
679 1458 753 1497 deinde
768 1457 810 1497 fide

34 1530 86 1579 data,
102 1529 119 1568 si
130 1528 253 1581 Iugurtham
261 1528 332 1568 vivum
348 1533 383 1568 aut
394 1532 489 1567 neoatum
505 1528 543 1567 sibi
553 1528 679 1577 tradidisset,
692 1528 736 1567 fore
746 1530 770 1567 ut
780 1527 810 1567 illi

33 1603 116 1639 senatus
135 1599 275 1652 impunitatem
296 1602 317 1638 et
337 1611 374 1638 sna
395 1598 461 1637 omnia
479 1598 610 1647 concederet,
631 1598 691 1637 faoile
709 1598 810 1637 Numidae

32 1670 143 1722 persuadet
165 1682 210 1709 eum
225 1669 307 1720 ingenio
326 1668 388 1708 infido
403 1671 448 1708 tum
463 1668 563 1707 metuenti
577 1681 610 1718 ne,
626 1668 644 1707 si
653 1681 696 1721 pax
711 1681 757 1707 oum
770 1667 811 1708 Ro·

34 1739 98 1778 manis
113 1739 178 1788 fieret,
193 1739 238 1791 ipse
253 1752 291 1791 per
306 1738 435 1778 condiciones
452 1738 478 1777 ad
497 1738 619 1790 supplicium
633 1738 755 1777 traderetur.
785 1739 810 1789 is,
822 1745 847 1781 62

32 1809 67 1848 ubi
82 1809 169 1862 primum
185 1813 319 1862 opportunum
335 1809 380 1858 fuit,
395 1808 518 1860 Iugurtham
536 1807 620 1847 anxium
636 1820 659 1847 ae
679 1808 811 1849 miserantem

33 1879 123 1919 fortunas
134 1892 182 1918 suas
198 1879 283 1919 aeoedit.
313 1882 382 1919 monet
397 1868 458 1930 atque
474 1879 588 1917 lacrumans
604 1879 720 1917 obtestatur
729 1879 761 1918 uti
776 1879 811 1918 ali-

33 1950 113 2000 quando
129 1950 168 1989 sibi
178 1949 289 2001 liberisque
305 1952 326 1989 et
345 1948 404 2001 genti
418 1948 555 1988 Numidarum
573 1953 655 2001 optume
667 1949 751 1988 meritae
766 1962 811 2002 pro-

33 2019 110 2070 videat3
131 2020 223 2059 omnibus
242 2019 325 2072 proeliis
347 2033 394 2059 sese
416 2019 492 2068 riotos,
511 2032 584 2071 agrum
601 2021 715 2068 vastatum,
736 2020 811 2059 multos

33 2089 122 2129 mortalis
138 2092 208 2142 captos
224 2090 307 2138 ooeisos,
323 2090 383 2141 regni
399 2102 448 2142 opes
464 2089 596 2128 comminutas
612 2102 667 2139 esse3
684 2089 734 2128 satis
748 2103 810 2143 saepe

56 2182 73 2216 7.
94 2174 223 2226 comminutae,
244 2183 377 2215 zertrummert.
398 2200 421 2205 —
456 2179 478 2214 ia
487 2178 602 2223 protractam
614 2178 846 2225 adtenderet—quae

33 2238 105 2281 afflicti,
118 2250 141 2273 zu
149 2238 212 2274 Boden
225 2237 352 2282 geworfent—
362 2238 421 2280 aeteri,
453 2247 548 2281 proauiae
561 2240 592 2279 est,
606 2237 642 2281 vgl.
654 2239 683 2272 23.
696 2240 712 2272 2.

33 2295 101 2332 welche
118 2297 167 2332 nooh
181 2296 233 2332 nieht
249 2295 282 2332 auf
298 2295 333 2331 den
347 2296 422 2331 Leitern
481 2298 497 2331 3.
509 2305 531 2329 ea
543 2295 622 2329 aliorum
633 2305 688 2339 more,
700 2296 736 2340 rgl.
749 2298 777 2332 39.
790 2299 807 2333 5.

32 2364 99 2391 waren.
481 2357 497 2389 4.
510 2354 589 2388 uadibus
601 2354 656 2397 tatis,
669 2354 705 2398 vgl.
718 2356 746 2390 35.
760 2356 776 2389 9.
789 2375 811 2380 —
824 2356 846 2390 de

457 2422 499 2446 aare
511 2423 534 2447 au
545 2411 641 2448 tudinium.

20 2508 22 2511 ,
33 2479 63 2516 61.
72 2481 103 2518 62.
115 2482 208 2526 Rtiokzug
216 2492 253 2518 ron
260 2482 324 2517 Zama.
336 2481 420 2517 Winter-
480 2472 496 2505 5·
508 2470 544 2513 fide
557 2470 608 2513 dala,
621 2482 645 2505 zu
653 2470 759 2514 persuadet·
776 2492 799 2497 -
816 2472 845 2506 itt·

34 2540 152 2581 quarffigrjn
167 2541 201 2576 der
215 2540 320 2576 rgmjsssqen
332 2540 420 2575 parom,
455 2528 508 2573 penio
520 2528 587 2571 infido,
606 2528 806 2572 Eigensehaftsablativ
817 2537 846 2566 at-

44 2595 167 2641 vqrgebfiehe
178 2598 362 2641 Unterhanfflungffl
372 2597 409 2633 mit
456 2586 533 2621 tributir
545 2598 569 2620 au
581 2586 682 2628 Numidae,
699 2587 733 2621 wie
748 2589 845 2631 metaeadi,

172 2656 275 2700 Iugum,
456 2644 479 2680 da
494 2655 515 2679 er
533 2645 601 2680 sowohl
617 2646 646 2680 ein
665 2645 754 2680 treuloler
770 2646 846 2682 Menseh

455 2712 500 2745 war,
512 2702 540 2737 als
549 2702 597 2737 anch
606 2703 735 2738 insbesondere
747 2703 846 2740 furehtete.

56 2758 340 2805 61.1.saotoeo,vg1.54.a
357 2780 380 2786 -
397 2761 419 2795 ab
455 2779 479 2785 —
488 2771 523 2804 per
536 2760 659 2803 condiciones,
678 2760 712 2806 aaa
731 2772 751 2797 es
769 2773 792 2796 zu
811 2762 846 2797 den

33 2815 92 2862 Zama
104 2818 188 2863 discedit,
201 2830 222 2855 er
234 2820 285 2864 giebt
296 2820 354 2855 Zama
366 2819 403 2854 anf.
456 2819 675 2863 Friedensbedingungen
687 2820 846 2866 geuorenwurde,
892 2849 893 2852 ,

56 2878 73 2910 2.
85 2876 232 2921 repropinata
245 2878 322 2914 collocat
334 2894 358 2907 =
370 2877 420 2912 artata
456 2876 490 2923 dall
504 2887 524 2912 er
537 2877 655 2921 ausgeliefert
667 2877 733 2914 werde.
