1872 3089
104 67 117 109 8
391 77 408 106 e.
418 77 519 106 suanusri
529 76 603 106 CRISPI.

103 173 212 214 Masinissa
227 187 266 214 rex
281 174 416 214 Numidarum
434 175 454 214 in
476 174 584 215 amieitiam
603 177 698 228 receptus
715 188 726 214 a
741 174 763 215 P.
780 173 880 229 Seipione,

104 243 137 284 eui
152 251 223 298 postea
231 245 327 284 Africano
343 257 455 297 cognomen
465 258 493 285 ex
508 245 585 285 virtute
600 246 644 294 suit,
659 245 726 293 multa
739 249 760 284 et
774 246 881 297 praeclara

103 314 134 353 rei
149 314 243 354 militaris
260 314 349 354 facinora
367 315 450 355 fecerat.
482 315 506 355 ob
526 327 579 368 quae
599 315 660 356 vietis
677 314 880 367 Carthaginiensibus

104 386 125 425 et
140 387 199 437 eapte
215 383 316 438 Syphace,
332 385 390 425 euius
405 385 426 424 in
437 384 507 425 Africa
521 398 618 437 magnum
640 387 702 439 atque
717 386 758 425 late
773 385 881 439 imperium

103 454 177 504 valuit,
189 455 276 507 populus
284 455 388 495 Romanus
399 468 537 508 quascumque
546 455 602 495 urbis
613 458 635 496 et
650 468 710 508 agros
726 469 788 496 manu
798 442 881 508 eeperat

80 524 149 577 eregi
164 525 216 564 dene
232 525 294 565 dedit.
324 525 388 578 igitur
404 525 492 566 amicitia
506 525 628 566 Masinissae
648 527 701 566 bena
716 528 776 579 atque
794 516 881 566 honesta

80 595 162 634 anobis
177 595 295 648 permansit.
326 595 364 635 sed
378 595 451 648 imperi
466 595 562 648 vitaeque
578 596 622 635 eius
637 595 683 635 finis
698 597 752 636 idem
768 596 811 636 fuit.
833 596 880 636 dein

103 662 190 718 Mieip'sa
209 664 263 704 filius
284 678 370 717 regnum
389 665 444 705 selus
468 664 564 714 obtinuit,
587 664 729 705 Mastanabale
748 668 770 705 et
790 663 881 706 Gulussa

80 734 202 774 lsratribus
223 735 292 775 morbo
311 735 430 788 absumptis.
460 735 478 774 is
497 734 636 781 Adherbalem
656 738 678 775 et
695 735 835 789 Hiempsalem
853 749 880 790 ex

104 817 150 844 sese
171 805 243 857 genuit
257 804 420 858 Iugurthamque
435 795 500 845 filium
515 804 661 845 Mastanabalis
676 805 752 855 fratris,
767 819 827 857 quem
837 806 880 846 Ma·

105 874 184 922 sinissa‚
200 876 254 927 quod
265 879 322 915 ortus
330 889 357 915 ex
368 875 479 915 concubina
487 878 537 925 erat,
545 876 646 927 privatum
655 875 797 927 dereliquerat,
809 876 880 916 eodem

106 944 217 997 cultuque
234 945 309 985 liberos
325 958 372 985 suos
388 945 442 985 domi
456 945 532 985 habuit.

81 1018 93 1053 (3
164 1014 205 1060 Qui
220 1016 255 1054 ubi
269 1016 355 1067 primum
371 1015 466 1064 adolevit,
482 1015 561 1068 pellens
575 1015 654 1054 viribus
670 1015 744 1054 deeora
758 1015 819 1065 faeie,
842 1016 878 1054 sed

104 1084 167 1123 multo
183 1096 278 1124 maxume
294 1085 375 1136 ingenie
390 1085 480 1134 validus,
496 1097 536 1124 non
552 1097 574 1124 se
589 1084 641 1123 luxu
656 1097 723 1136 neque
737 1084 823 1125 inertiae
838 1098 881 1125 ser-

105 1155 240 1206 rumpendum
251 1154 313 1202 dedit,
329 1155 372 1203 sed,
388 1154 417 1194 uti
427 1167 470 1193 mos
481 1154 549 1206 gentis
564 1153 618 1193 illius
630 1156 668 1205 ese,
685 1154 777 1206 equitare
788 1155 879 1203 iaculari,

106 1237 167 1264 eursu
186 1237 231 1263 eum
252 1225 370 1277 aequalibus
389 1227 478 1273 dertare,
505 1227 526 1263 et
548 1236 593 1263 eum
616 1224 680 1263 omnis
701 1218 767 1276 gloria
787 1224 880 1273 anteiret,

106 1294 197 1334 omnibus
212 1296 280 1332 tamen
292 1307 351 1334 earus
362 1307 418 1344 esse3
435 1295 461 1334 ad
475 1295 514 1333 hee
529 1294 628 1347 pleraque
643 1297 734 1346 tempera
749 1294 770 1333 in
785 1295 879 1341 venando

15 1387 17 1392 ·
105 1376 177 1415 agere,
198 1364 277 1403 leonem
298 1366 359 1416 atque
379 1363 429 1403 alias
444 1364 499 1403 feras
510 1363 587 1416 primus
598 1367 633 1403 aut
643 1363 664 1402 in
674 1363 744 1416 primis
753 1364 821 1413 ferire,
835 1364 857 1416 pl
871 1386 879 1392 ·

31 1421 33 1423 ¹
82 1438 185 1472 2rumum
195 1434 263 1472 faeere
274 1435 385 1473 minumum
399 1434 444 1486 ipse
460 1434 485 1472 de
501 1446 523 1472 se
538 1433 600 1485 loqui.
622 1433 695 1485 quibus
711 1435 772 1473 rebus
787 1433 879 1486 Micipsa,

105 1502 187 1542 tametsi
197 1503 253 1542 initio
264 1503 331 1543 laetus
346 1503 420 1553 luerat,
435 1503 562 1542 existumans
577 1502 676 1542 virtutem
686 1502 800 1555 Iugurthae
815 1515 880 1555 regno

105 1585 142 1612 suo
157 1573 235 1624 gloriae
249 1573 299 1622 sore,
315 1576 383 1613 tamen
397 1577 504 1625 postquam
519 1573 622 1612 hominem
640 1572 793 1612 adulescentem
808 1576 881 1613 exacta

70 1663 190 1699 leidensehast
198 1665 342 1709 gezogen,-—ob
356 1674 407 1708 quae,
420 1663 458 1699 und
517 1665 533 1698 7.
546 1662 674 1707 dereliquerat,
691 1673 711 1697 er
722 1663 774 1698 hatte
791 1663 823 1697 ihu
834 1673 881 1707 ganz

70 1731 134 1766 wegen
150 1722 212 1758 dieser.
236 1733 323 1767 mayllem
342 1726 396 1766 erpere
415 1722 457 1764 late,
493 1721 523 1756 hei
537 1720 587 1756 Seite
602 1720 704 1765 geschoben
719 1721 747 1756 als
763 1720 814 1755 nieht
827 1720 881 1756 eben-

70 1779 98 1814 als
111 1779 151 1815 eine
163 1781 228 1827 gretie,
240 1781 349 1826 gewiehtige
364 1780 402 1816 und
413 1781 459 1816 iiber
493 1779 561 1822 burtig.
585 1779 605 1813 In
617 1779 837 1823 derZusammeusetzung
849 1778 881 1814 des

71 1839 124 1874 reite
133 1838 231 1882 Gegenden
240 1839 271 1874 hiu
279 1839 331 1874 hatte
343 1839 458 1883 sreGeltung.
494 1838 586 1873 Verbums
601 1837 669 1885 milda
682 1837 730 1882 liegt
746 1838 787 1872 eine
800 1837 882 1872 remar-

72 1906 163 1930 -rneau
175 1907 244 1941 capere,
258 1898 341 1932 erob'ern.
405 1932 407 1939 ¹
494 1896 545 1940 kung
566 1895 598 1930 des
616 1893 702 1938 Begriffs.
727 1894 803 1939 Micipsa
823 1894 880 1937 hatte,

95 1954 156 1989 esee
170 1974 193 1979 —
207 1955 250 1999 fait.
274 1956 323 1990 Aber
341 1953 375 1989 mit
390 1954 457 1990 seinem
494 1952 881 1998 entgegenderMajlnahmeseinesVaters

71 2011 192 2048 Lebensende
210 2019 248 2048 war
267 2013 314 2049 auch
331 2013 380 2049 selue
400 2013 457 2048 Herr-
493 2011 589 2056 Masinissa,
611 2011 645 2046 den
666 2010 759 2055 Jugurtha
776 2011 816 2054 wie
833 2011 881 2046 seine

70 2069 140 2114 sehaft,
160 2070 198 2106 und
218 2071 275 2106 damit
294 2071 323 2106 die
342 2071 458 2107 vorteilhaste
494 2068 881 2114 ergeuensehne(eodeneueeflnseinem

71 2128 208 2164 Freundsehast
221 2120 278 2165 dieses
286 2130 354 2165 Reiehs
366 2130 400 2165 mit
411 2129 458 2165 Rem
495 2127 567 2163 Palalte
579 2127 670 2173 gehalten.

71 2197 94 2221 zu
107 2186 166 2222 Ende.
190 2187 221 2222 sed
232 2188 285 2223 leitet
296 2188 333 2224 also
346 2188 381 2223 den
388 2188 458 2232 Gegen·
517 2186 536 2222 6.
550 2189 566 2223 1.
579 2186 611 2231 qur·
622 2185 664 2229 abi,
680 2185 708 2221 als
724 2186 769 2221 aber
781 2186 846 2228 dieser.
859 2207 881 2213 —

70 2244 459 2290 sarzmboaaatqueboeestunebisper-
491 2245 564 2289 polleas
591 2244 671 2288 viribus,
700 2255 735 2281 ven
759 2245 882 2297 lugendkrast

71 2303 141 2338 araneis
159 2304 193 2339 eiu.
217 2304 339 2340 Zwarhatte
356 2305 393 2340 sein
409 2304 459 2340 Sohn
494 2299 838 2347 [troezeud.-eorramperedumum
846 2304 882 2340 fieh
932 2347 934 2351 Ι

72 2361 148 2406 Micipsa
160 2362 207 2397 noch
219 2362 275 2397 allein
288 2362 354 2405 metus)
367 2363 400 2398 das
408 2362 459 2398 Erbe
495 2360 597 2397 verderben
617 2371 640 2395 zu
664 2360 726 2396 lassen.
750 2381 773 2387 -
793 2362 883 2407 pleraque

72 2424 186 2465 augetreten.
210 2421 260 2456 Aber
269 2420 325 2457 dieses
334 2421 385 2457 hatte
393 2421 459 2457 keinen
494 2418 583 2464 tempore,
600 2418 642 2454 sehr
654 2418 701 2455 viele
713 2418 761 2458 Zeit.
774 2439 797 2445 —
808 2420 881 2462 leonem,

72 2478 150 2514 Beltantl
165 2480 223 2514 mehr.
247 2479 331 2515 Indesseu
350 2490 387 2514 war
404 2479 459 2515 sehon
495 2479 547 2514 einen
566 2479 641 2521 deen‚
660 2478 707 2512 alies
722 2478 781 2522 feras,
803 2478 881 2514 anderes

74 2536 103 2572 bei
115 2536 205 2572 Masinissa
224 2537 243 2572 in
257 2537 291 2574 den
308 2537 377 2573 letzten
389 2537 459 2574 Jahren
495 2535 551 2571 Wild.
570 2554 591 2561 -
607 2535 708 2580 plurimam
729 2535 806 2580 ferrare,¹
818 2529 882 2572 keiner

72 2596 129 2631 seiuer
141 2596 249 2632 Herrsehast
261 2598 302 2633 eine
314 2588 415 2640 hnderung
428 2596 460 2631 der
494 2595 536 2630 that
548 2593 609 2638 seriel,
627 2595 692 2631 keiner
700 2593 769 2632 redere
781 2594 834 2630 selblt
847 2604 883 2630 von

75 2653 177 2698 Gefinnung
200 2654 257 2690 durch
282 2654 311 2689 die
332 2653 460 2689 unverhr'illteu
494 2653 561 2689 fiehso
574 2653 684 2697 deniquae
697 2663 723 2691 er.

72 2711 208 2756 Beltrebuugen
217 2712 249 2748 der
257 2712 325 2748 Remer
334 2711 381 2747 naeh
390 2711 459 2747 alleini-
518 2714 534 2747 2.
548 2710 614 2756 quihus
629 2711 683 2746 rebus
699 2710 781 2753 tametsi,
799 2709 883 2754 ebgleich

71 2781 105 2815 ger
117 2770 225 2806 Herrsehast
238 2771 315 2807 bewirkt
327 2770 405 2806 worden.
495 2780 532 2805 nun
545 2770 590 2805 uber
603 2768 650 2810 diese
660 2769 723 2813 Dinge.
737 2788 758 2793 —
772 2771 836 2803 abacta
848 2777 883 2803 sue
