1872 3089
116 68 145 108 34
259 119 265 121 s
400 76 417 105 c.
427 76 527 105 sunnnsrr
537 75 606 104 barser

96 156 98 163 ,
117 174 179 213 ticum
194 173 267 213 missus
283 176 320 224 est,
334 173 401 227 plebis
416 186 466 227 opes
481 172 604 224 imminutae,
619 186 729 227 paucorum
743 174 834 227 potentin
849 187 892 214 cre-

92 244 152 285 2vit.
184 243 203 282 ei
218 243 349 295 magistratus
365 243 479 296 provincias
495 243 575 296 aliaque
591 245 658 284 omnia
668 246 744 293 tenere,
760 243 799 297 ipsi
813 244 897 285 innoxii.

116 305 212 353 florentes
228 313 271 353 sine
287 316 344 352 metu
359 316 447 353 aetatem
463 325 534 365 agere,
556 316 635 354 ceteros
650 313 730 354 iudiciis
746 316 830 364 terrere,
850 328 890 367 quo

93 390 103 423 3
116 384 196 436 plebem
211 382 232 422 in
241 383 364 434 magistratu
374 382 473 436 placidius
484 384 601 422 tractarent.
631 385 668 423 sed
678 384 713 424 ubi
723 384 810 437 primum
824 384 891 423 dubiis

115 454 177 493 rebus
198 453 287 493 novandi
308 465 356 505 spes
376 453 443 492 oblata
467 455 509 503 est,
525 456 585 492 vetus
601 456 704 494 certamen
724 454 800 494 animos
821 467 890 494 eorum

92 531 104 563 4
117 523 199 563 arrexit.
231 523 382 576 quodsi‘primo
398 523 474 575 proelio
491 521 577 580 Catilina
592 524 684 576 superior
699 526 735 563 aut
750 537 815 577 aequa
828 537 890 564 manu

116 593 251 642 discessisset,
266 593 360 646 profecto
371 604 447 645 magna
457 592 526 632 clades
542 594 604 645 atque
615 593 719 634 calamitas
734 607 778 634 rem
788 594 890 647 publicam

116 664 258 716 oppressisset,
279 675 345 715 neque
361 663 408 712 illie,
425 663 459 715 qui
474 663 580 702 victoriam
596 663 666 716 adepti
681 664 757 714 forent,
774 664 850 704 diutius
866 676 891 704 ea
928 698 930 700 ,

116 733 146 772 uti
165 733 262 782 licuisset,
282 733 330 785 quin
353 732 439 772 defessis
455 735 476 771 et
493 732 634 784 exsanguibus
656 734 690 785 qui
705 733 751 786 plus
771 736 841 786 posset
855 734 891 773 im-

115 804 194 856 perium
210 806 270 854 atque
286 803 401 842 libertatem
416 806 553 854 extorqueret.
891 851 893 857 k

92 878 102 911 5
173 871 241 912 Fuere
257 875 325 911 tamen
340 874 402 911 extra
417 871 576 912 coniurationem
594 871 718 925 complures,
740 873 774 925 qui
794 874 820 914 ad
836 872 889 914 Onti-

115 943 178 982 linam
185 942 241 982 initio
251 942 338 995 profecti
349 944 401 981 suut.
425 942 446 981 in
457 942 486 981 eis
495 944 539 981 erat
549 941 635 981 Fulvius
648 942 747 982 senatoris
757 942 818 993 filius,
829 957 889 995 quem

92 1015 227 1053 bretractum
249 1025 277 1052 ex
297 1012 371 1053 itinere
393 1025 468 1065 parens
490 1011 559 1051 necari
581 1011 646 1052 iussit.
677 1012 743 1052 isdem
765 1014 890 1066 temporibus

115 1083 192 1123 Romae
212 1082 322 1132 Lentulus,
342 1082 402 1122 sicuti
418 1081 505 1123 Catilina
520 1085 659 1135 praeceperat,
678 1096 816 1136 quoscumque
831 1083 890 1123 mori-

115 1154 153 1193 bus
168 1157 204 1193 aut
218 1154 299 1193 fortuna
313 1153 372 1192 novis
386 1153 449 1192 rebus
464 1152 548 1192 idoneos
558 1152 661 1201 credebat,
677 1156 712 1192 aut
721 1166 759 1205 per
774 1166 797 1193 se
807 1156 843 1193 aut
853 1167 890 1207 per

115 1224 165 1264 alios
181 1223 312 1270 sollicitabat,
333 1235 399 1275 neque
414 1207 479 1262 solum
494 1221 554 1271 ciris,
577 1223 614 1261 sed
632 1223 732 1275 cuiusque
751 1224 806 1263 modi
824 1237 890 1276 genus

79 1290 104 1332 40
116 1293 224 1342 hominum,
240 1293 363 1345 quodmodo
374 1293 427 1332 bello
442 1292 488 1331 usui
503 1292 561 1331 foret.
584 1292 647 1344 igitur
657 1292 680 1332 P.
693 1292 793 1333 Umbreno
810 1294 889 1333 cuidam

115 1364 219 1415 negotium
235 1363 276 1411 dat,
291 1362 322 1402 uti
337 1363 416 1414 legatos
432 1361 671 1414 Allobrogum'requirat
692 1375 768 1415 eosque
788 1364 806 1402 si
823 1365 890 1416 possit

114 1432 206 1487 impellet
221 1433 248 1473 ad
263 1432 381 1472 societatem
396 1432 450 1481 belli,
464 1432 591 1472 existumans
602 1431 683 1484 publice
695 1432 831 1485 privatimque
841 1447 889 1473 aere

115 1503 181 1543 alieno
197 1515 311 1556 oppressos,
330 1505 448 1556 praeterea,
467 1502 521 1555 quod
539 1506 612 1542 natura
632 1515 683 1554 gens
699 1501 780 1543 Gallica
793 1504 890 1558 bellicosa

103 1609 120 1641 2.
132 1604 205 1649 elinque
220 1605 290 1650 omitia,
306 1615 343 1640 was
358 1604 467 1649 politilcheu
500 1604 577 1648 defessis
590 1608 607 1638 et
619 1605 746 1649 exsanguibus,
758 1605 827 1650 infolge
838 1606 889 1641 ihres

79 1663 153 1710 Einflup
169 1663 250 1699 fcrdcrte
266 1662 303 1698 und
315 1663 350 1708 gab
363 1662 405 1707 (wie
417 1674 433 1698 z.
446 1663 466 1697 B.
501 1662 568 1698 wulten
581 1663 676 1707 Treibcm,
689 1663 788 1708 Gegeulatz
800 1665 846 1708 dazu
858 1664 890 1709 qui

80 1722 109 1758 die
120 1721 213 1766 Wahlen).
226 1741 248 1747 -
260 1721 355 1764 intermine,
371 1721 403 1757 der
415 1721 467 1756 nicht
498 1719 543 1765 pius
552 1725 620 1765 posset,

79 1781 155 1816 schadet
179 1780 215 1814 und
236 1780 276 1815 dem
296 1779 348 1814 nicht
368 1779 466 1824 geschadet

79 1839 133 1883 wird,
152 1838 269 1874 unlehadlich
284 1839 321 1873 und
339 1838 466 1883 ungefahrdet.
509 1837 540 1887 39,
560 1838 625 1874 5—41.
642 1837 679 1874 Die
690 1837 836 1882 antwiokelmg
848 1838 882 1876 der

79 1918 102 1924 -
113 1899 202 1941 dormites,
219 1899 238 1932 in
250 1898 314 1932 Macht
326 1898 364 1932 uud
375 1897 465 1933 Aufehen.
523 1895 586 1939 lunge
599 1896 620 1931 in
631 1896 687 1932 Rom.
710 1896 747 1932 Die
759 1896 864 1933 Gelandten

79 1976 102 1982 -
121 1960 194 1999 ceteros,
211 1955 310 1999 Gegeulatz
326 1967 349 1991 zu
366 1955 411 1999 ipsi,
429 1955 466 1990 alle
611 1954 645 1990 der
656 1954 776 1998 Allobrogem

78 2014 154 2059 andern,
173 2015 202 2050 die
220 2014 270 2051 nicht
285 2015 303 2050 in
323 2014 355 2050 der
370 2014 416 2049 Zahl
433 2014 466 2050 der
525 2025 541 2058 5,
553 2027 621 2068 tamen,
637 2026 662 2059 im
673 2025 765 2071 Anssshlup
782 2036 806 2061 a„
822 2028 850 2061 35,
868 2028 887 2061 3:

74 2074 225 2119 Pstllssl'POlellles
236 2073 279 2108 find·
292 2093 314 2097 ·
327 2071 466 2119 quopiacidics
501 2087 550 2118 trotz
570 2082 602 2118 der
618 2082 741 2129 Melinahmen
760 2084 791 2120 des
807 2084 883 2120 Senates

78 2135 186 2175 tractarent,
198 2143 229 2167 um
241 2131 323 2166 dadurch
333 2131 424 2189 dasVolk
435 2141 466 2175 ge·
501 2140 561 2185 initio,
573 2141 748 2186 [ngeiohfflfaflgffi
797 2136 799 2138 ’

78 2191 150 2235 ffig'iger
162 2202 185 2225 ΖΠ
197 2191 262 2226 haben·
443 2196 448 2206 ⁸
525 2201 542 2235 6.
555 2199 667 2245 quodmodo
679 2215 700 2230 =
712 2200 755 2236 dcem
767 2200 819 2236 modo
830 2200 857 2236 id.

102 2252 119 2286 3.
132 2249 193 2284 dubiis
200 2250 259 2292 rebus,
274 2248 333 2284 durch
341 2249 465 2292 eingetretcne
776 2282 778 2290 ,

78 2308 240 2353 Schwierigkeiten
265 2308 284 2343 in
306 2308 338 2343 der
358 2307 409 2352 Lage
434 2307 465 2343 der
523 2308 555 2345 40.
574 2311 591 2345 1.
611 2307 679 2351 lepores
703 2307 827 2352 Allobropem.
851 2306 886 2341 Ge-

78 2367 205 2403 Machthaber,
224 2386 246 2392 —
263 2376 333 2410 eorum,
352 2366 385 2401 der
404 2366 464 2409 ceteri,
500 2364 888 2411 sandtcderAllobroger‚einesgallilchen
911 2365 912 2368 ’

79 2426 95 2461 d.
108 2426 119 2461 i.
133 2425 165 2460 der
173 2425 232 2470 plebs.
500 2424 630 2460 Volksltamms
643 2435 684 2460 vom
693 2424 760 2461 Genfer
772 2424 806 2459 See
818 2422 845 2458 bis
855 2433 888 2457 zur

101 2487 118 2519 4.
131 2484 196 2529 quodsi
208 2502 230 2509 -
243 2482 357 2518 decessisset.
378 2483 465 2519 Dadurch
500 2483 555 2528 llere,
568 2483 797 2528 warengeradeiuRcm,
809 2492 840 2515 um
851 2480 888 2516 fich

78 2547 126 2578 ware
147 2543 187 2579 eine
204 2541 265 2577 sclche
285 2542 389 2585 schwierige
409 2541 465 2587 Lege,
501 2543 546 2578 iiber
559 2542 588 2577 die
598 2538 744 2586 Bedrrrouun'gen
756 2552 779 2576 zu
791 2540 887 2585 beklagen‚

65 2603 111 2652 'wie
123 2602 147 2637 lie
158 2601 224 2637 vcrher
240 2602 260 2636 iu
272 2600 333 2635 derhiis
345 2600 398 2635 rebus
410 2611 465 2645 auge·
501 2601 559 2637 durch
576 2601 645 2637 welche
664 2601 696 2636 der
711 2598 819 2636 Wchlltund
837 2598 887 2634 ihtes

78 2659 180 2705 decrerit,
192 2659 222 2694 fur
235 2658 465 2694 dieneuenMachthaber
501 2660 643 2696 Gemeinwefens
670 2660 704 2694 wie
726 2659 758 2693 des
786 2657 888 2700 einzelnen,

77 2720 111 2755 mit
123 2719 159 2754 den
167 2717 336 2754 unausbleiblichen
345 2717 416 2761 Folgen
428 2717 464 2753 ein·
500 2718 579 2762 (poetice
606 2717 731 2762 privatimque
758 2725 800 2750 cere
829 2714 888 2750 alieno

77 2783 166 2824 getreten.
180 2797 201 2802 —
215 2780 253 2821 oret,
270 2777 314 2812 oder
328 2776 376 2812 auch
388 2787 429 2812 nur.
442 2796 464 2801 -
502 2778 604 2821 oppresses)
617 2780 708 2812 nerrdttet
721 2774 788 2812 wurde.
