1872 3089
235 75 264 104 nn
274 74 390 105 enurmnnn
400 73 561 103 eomanurronn
571 72 588 102 a.
600 76 656 102 rs-n.
810 65 837 105 17

51 175 131 227 postea
140 174 187 214 Piso
203 174 224 214 in
240 173 353 224 alieniorem
365 171 485 225 Hispaniam
501 174 598 224 quaestor
608 184 645 225 pro
655 175 750 225 praetore
761 172 836 212 missus
848 176 873 212 19

60 251 91 284 est
107 245 210 285 adnitente
226 242 306 293 Crasso,
322 231 439 294 quodsum
453 241 550 282 infestum
569 242 672 282 inimicum
688 240 724 284 On.
741 242 838 295 Pompeio

60 318 189 367 cognoverat.
219 326 287 366 neque
306 316 374 352 tamen
397 317 481 353 senatus
503 312 628 366 provinciam
646 313 724 352 invitus
746 313 861 363 dederam

60 386 134 440 quippe
153 385 234 425 foedum
249 383 350 423 hominem
366 396 378 423 a
393 397 416 423 re
431 383 513 437 publiea
522 384 593 437 proeul
609 397 655 423 esse
668 384 751 424 volebat
756 397 761 433 ;
777 383 837 423 simul

60 457 108 509 quia
117 456 164 496 boni
175 454 289 508 complures
299 453 424 507 praesidium
434 455 455 493 in
466 467 490 494 eo
502 455 602 507 putabant
612 459 634 493 et
644 454 685 494 iam
693 458 737 494 tum
746 450 838 507 potentia

60 525 143 580 Pompei
157 525 290 565 formidulosa
305 528 356 566 erat.
388 525 425 564 sed
440 524 458 564 is
474 523 522 564 Piso
536 524 557 564 in
572 524 677 577 provineia
692 526 716 564 ab
733 524 836 577 equitibus
849 529 860 562 3

59 595 164 649 Hispanis,
180 607 230 647 quos
246 594 267 634 in
278 595 372 635 exercitu
382 595 484 642 duetabat,
499 595 626 635 iterfaciens
637 594 716 635 ooeisus
728 597 766 635 est.
789 597 837 635 sunt
849 600 860 631 4

60 666 94 720 qui
108 666 137 706 ita
158 665 236 714 disant,
254 665 340 718 imperia
361 666 405 704 eius
424 665 500 705 iniusta
520 666 609 718 superba
630 664 721 705 crudelia
739 665 837 705 barbaros

10 788 12 792 Α
58 735 177 789 nequivisse
193 735 245 788 pati3
260 735 294 774 alii
305 737 372 774 autem
387 735 465 787 equites
478 734 525 775 illos
540 733 575 775 On.
586 734 670 787 Pompei
685 737 767 775 veteres
775 735 838 777 fidos·
850 739 860 771 5

59 794 100 860 ¹qim
111 804 190 846 clientis
200 805 307 845 voluntate
318 805 362 845 eius
372 805 467 845 Pisonem
479 817 601 858 aggressos;
612 817 723 858 numquam
732 805 840 858 Hispanos

59 873 167 930 praeterea
176 876 219 915 tale
229 876 308 916 faaiuns
318 876 398 925 senisse,
415 876 453 915 sed
467 876 554 929 imperia
569 888 632 915 saeva
642 875 706 916 multa
721 880 782 916 antea
792 889 837 929 pen-

59 959 136 1000 pessos.
167 959 204 986 nos
219 958 264 985 eam
279 946 353 985 remin
368 946 435 986 medio
454 946 597 999 relinquemus.
628 946 654 985 de
670 945 776 998 superiore
791 948 860 986 eon-6

59 1016 159 1057 iuratione
170 1018 220 1057 satis
236 1017 318 1057 dietum.
597 1057 599 1059 ,

118 1086 206 1128 catilina
215 1087 250 1126 ubi
261 1100 301 1136 eos,
317 1099 368 1139 quos
378 1086 439 1140 paulo
450 1089 498 1127 ante
508 1086 625 1136 memoravi,
641 1087 762 1126 eonvenisse
771 1087 835 1137 videt,
847 1086 873 1123 20

59 1156 141 1196 tametsi
161 1169 207 1196 oum
227 1156 312 1209 singulis
332 1156 397 1196 multa
417 1169 479 1209 saepe
500 1161 582 1208 egerat,
601 1159 671 1195 tamen
692 1156 713 1195 in
733 1169 777 1195 rem
792 1157 836 1197 fore

60 1227 146 1266 eredens
156 1227 263 1266 univorsos
271 1227 374 1280 appellare
386 1231 407 1267 et
418 1227 524 1276 cohortari,
534 1226 555 1265 in
566 1226 656 1266 abditam
666 1229 745 1279 partem
756 1227 837 1267 aedium

60 1297 138 1336 secedit
150 1299 212 1349 atque
222 1297 250 1336 ibi
265 1297 358 1336 omnibus
373 1296 455 1336 arbitris
467 1297 539 1350 procul
554 1297 626 1336 amotis
642 1297 754 1337 orationem
769 1296 837 1337 huius-

60 1366 138 1406 eemodi
154 1367 230 1406 habuit.

118 1434 157 1485 ,Ni
171 1434 240 1477 nintns
253 1434 348 1488 ddeaqne
365 1438 438 1478 nostra
452 1437 549 1488 sponna
563 1434 617 1477 nant
630 1435 692 1489 forat,
706 1436 835 1490 neqniqnam
847 1440 858 1473 2

26 1491 28 1567 i
60 1508 180 1558 opnortnna
200 1518 236 1548 nee
255 1505 374 1556 anciriana
394 1518 443 1558 snas
461 1518 552 1560 nnana,
571 1505 722 1548 dominatione
737 1506 836 1549 mnnidna

26 1567 28 1618 i
58 1575 143 1627 fnnstna
150 1574 249 1627 fnissent,
259 1588 326 1629 neqnae
334 1588 370 1630 eqo
377 1588 420 1628 nen
427 1575 537 1630 dyonantum
545 1578 584 1617 ant
592 1589 649 1616 nana
656 1575 746 1628 inaenia
753 1576 836 1619 ineerta
849 1565 851 1567 .
860 1631 862 1634 Ι

59 1657 98 1697 nno
114 1645 178 1687 nentis
193 1647 308 1698 cantarana.
333 1644 437 1698 sardania
452 1644 528 1687 nnnttn's
542 1647 563 1687 et
576 1646 662 1700 nrapnn's
677 1645 836 1698 tenimentatn'bns
848 1650 858 1683 3
873 1699 875 1702 ‚

82 1782 113 1818 19.
132 1786 148 1818 1.
166 1783 265 1826 adnitente,
284 1782 318 1818 auf
331 1783 446 1827 Andringen.
489 1782 570 1819 ill-22.
593 1783 630 1820 llie
644 1793 693 1820 neue
704 1783 861 1829 Verrohnorung.

82 1844 99 1876 2.
116 1851 173 1886 neque
189 1844 255 1883 tannen,
273 1841 347 1886 judoch,
364 1841 446 1877 indeflen
504 1840 536 1877 20.
555 1845 571 1877 1.
582 1842 642 1886 pando
657 1846 705 1886 aare,
721 1843 756 1887 vgl.
774 1845 802 1878 17.
815 1863 836 1868 —
850 1844 871 1878 in

58 1899 105 1935 auch
126 1899 182 1935 nieht.
214 1899 247 1934 Als
267 1898 446 1935 leidenlohaftlieher
481 1909 524 1943 ren,
539 1900 686 1936 zueokdienlioh.
703 1920 724 1927 -
738 1901 812 1946 arbitri,
830 1901 871 1937 hier

59 1957 176 1993 Parteimann
194 1956 237 2002 (agl.
253 1958 280 2000 18,
297 1958 316 2000 4)
334 1957 391 1993 hatte.
405 1958 445 1993 Piso
481 1957 563 2002 Zeugen,
577 1977 599 1984 -
615 1962 760 2003 opportunam
773 1959 870 2004 cecidisset,

59 2015 99 2051 dem
111 2015 168 2052 Senat
181 2015 229 2051 wohl
243 2016 299 2051 kaum
315 2015 392 2061 genehm
407 2016 446 2052 sein
482 2015 510 2051 die
519 2015 578 2052 Saehe
586 2017 637 2053 hatte
645 2016 681 2052 lieh
689 2017 767 2061 gelegen
775 2017 871 2061 getroffen.
934 2053 935 2060 ,

57 2074 131 2110 konnen
147 2085 180 2110 nur
192 2065 309 2110 llbernahme
324 2076 375 2110 einer
388 2074 446 2111 state·
504 2077 521 2109 2.
534 2068 653 2120 sneundune,
665 2075 870 2121 diegroJieHoffnung,

57 2131 174 2168 halterltelle.
198 2133 234 2168 Die
246 2132 321 2167 arunde
334 2133 365 2168 des
375 2133 445 2176 Gegen-
481 2132 561 2167 naulica
585 2130 711 2178 Verniehtung
737 2134 770 2169 der
794 2133 871 2169 Sehnld·

57 2190 99 2225 teils
112 2190 185 2227 werden
197 2191 256 2226 durch
270 2190 446 2235 alanne—nolebat
480 2190 561 2235 bucher,
583 2192 734 2236 Prolkriptionen
756 2191 795 2228 und
813 2182 870 2237 allge-

56 2250 94 2284 und
117 2250 171 2284 sinenti
195 2250 239 2294 qnia
267 2253 308 2283 enat
334 2249 445 2293 angegeben.
480 2250 540 2285 metue
554 2249 670 2285 Revolution.
689 2269 712 2275 —
730 2249 831 2285 dominatio
849 2250 871 2285 in

57 2307 123 2352 qzaippe
139 2327 162 2333 -
178 2308 249 2343 nolebat
265 2307 334 2343 euthalt
353 2307 388 2343 den
403 2318 445 2343 vor·
480 2306 569 2351 mandas,
585 2307 614 2343 die
626 2307 722 2352 sonulagen
734 2306 790 2343 lahon
802 2307 870 2352 inden
891 2307 892 2316 ³

56 2365 149 2402 uehmlteu
162 2365 231 2409 Grund,
246 2366 358 2410 sirnnlqnia
372 2369 445 2401 -erat
479 2364 557 2400 thden
584 2365 682 2410 gehaltene
708 2365 822 2402 Herrlehaft.
846 2384 870 2390 —-

56 2423 444 2471 denwelterenZweekmadigkeitsgrund.
478 2423 783 2469 neqneeyoaaptarem,undioln
791 2425 869 2460 meiner·
899 2460 901 2462 ,

57 2502 79 2507 -
92 2482 135 2518 boni
143 2482 249 2527 nonnanes,
262 2483 303 2519 eine
311 2481 388 2529 gradere
396 2482 444 2518 Zalnl
478 2482 522 2518 lette
534 2483 597 2519 warde
609 2482 676 2518 darauf
687 2482 792 2518 verziehten
805 2493 828 2517 zu
841 2492 870 2518 er-

56 2539 169 2600 Optimaten.
184 2560 207 2566 —
224 2544 240 2576 et
256 2544 301 2584 anat,
317 2541 443 2586 paratnktiloh
476 2541 539 2585 jagen.
552 2561 575 2566 —
584 2551 620 2585 per
628 2541 727 2585 ananiam,
737 2540 838 2584 Gegenlatz
846 2551 869 2575 zu

56 2599 199 2644 angelahlollen;
218 2602 235 2634 et
250 2599 272 2634 ia
286 2599 328 2635 hier
343 2616 366 2629 =
378 2600 442 2636 etenim
478 2599 543 2642 ninas,
553 2609 589 2644 par
597 2609 648 2634 nana
656 2599 733 2644 inpenia
741 2599 793 2644 (eitle
801 2598 869 2644 Kapsa,

55 2667 78 2692 zu
89 2657 153 2694 fasten.
478 2657 648 2702 Unheltandigkeit)
662 2657 764 2702 Gegenlatz
780 2669 804 2693 zu
816 2656 867 2699 tides.

18 2728 21 2764 J
80 2716 443 2761 aaeteresfidosqnediends,uusder
479 2720 553 2762 —ana
569 2716 613 2752 oder
626 2716 674 2751 doeh
687 2721 745 2761 twenn
758 2716 869 2752 auchnioht

17 2765 20 2845 f
55 2774 97 2809 Zeia
110 2775 141 2811 des
154 2775 265 2820 Kriegsmit
278 2775 379 2812 Sertorius.
480 2774 538 2811 durch
550 2775 650 2820 Feigheit).

14 2845 19 3003 s
91 2842 158 2871 Sallusti
167 2843 243 2872 Catilina.
754 2844 763 2870 2

14 3004 17 3032 l
