1872 3089
101 123 128 164 12
386 132 403 161 c.
413 132 513 162 smnnsm
523 132 589 162 crassi

99 229 185 282 sterque
200 230 230 278 te,
254 227 286 270 mi
307 227 354 280 lios,
376 229 414 283 qui
429 228 468 271 tibi
482 241 559 283 qeuere
573 229 702 284 propinqui,
719 229 817 283 heueqtcc'o
832 243 876 273 meo

99 298 180 351 fraires
195 301 251 349 suut,
267 311 328 340 caros
342 298 429 350 habeas,
445 312 486 341 rreu
501 297 565 341 uictis
583 298 666 343 alienos
681 298 798 353 adiuuqerc
813 313 877 354 quam

75 376 89 409 4
100 368 206 422 sauquiue
216 368 337 411 coniunctos
346 368 443 412 retiuere¹
465 381 507 411 uou
519 369 624 412 coercitus
634 382 700 430 aeque
710 368 806 412 thesauri
813 383 877 423 qorae-

101 438 159 480 sidia
173 438 236 491 requi
250 442 306 490 suut,
322 451 395 482 oerum
410 438 480 490 arrcici,
497 451 550 493 quos
564 453 630 493 ireque
641 440 708 483 armis
724 453 796 495 coqere
810 446 877 495 uequc

77 517 155 552 sarci-o
165 522 250 562 parare
265 522 339 563 queas:
355 509 424 563 officio
440 512 460 552 et
473 508 515 563 qtdc
527 509 653 562 qariuulur.
685 510 733 565 quis
744 513 813 553 autem
824 510 877 553 arui-

102 578 146 621 cior
161 593 225 633 quoru
238 580 309 633 frater
323 578 406 633 fratri?
421 582 459 622 aut
474 592 534 634 quem
551 579 645 623 alieuuru
658 579 725 634 ddum
740 581 841 632 iuvenies,
857 580 877 624 si

76 649 145 692 circis
158 648 225 692 hostis
238 649 325 702 fueris?
339 649 434 703 equidem
450 662 486 704 eqo
501 649 560 692 rolris
574 663 663 704 requam
679 650 740 693 trodo
749 651 841 704 dimum,
856 650 877 694 si

102 719 151 761 boui
166 719 233 771 eritis,
254 719 289 761 siu
303 719 365 771 maii,
381 718 513 762 iudecilium.
543 732 594 762 uam
615 720 729 763 coucardia
744 734 828 774 paruae
842 733 877 764 res

77 792 203 854 rarescunt,
220 788 328 833 discordia
350 802 462 832 ucaruruae
488 788 620 832 dilabuutur.
654 791 744 833 celerum
767 792 816 834 aute
839 790 877 834 lcos

101 863 127 909 ie,
143 858 257 913 Juqurllia,
274 859 311 914 qui
327 862 430 903 aelateet
444 860 553 913 saqricuiia
568 860 634 913 quior
649 873 679 911 es,
699 873 725 902 ue
744 860 808 903 aliter
825 861 878 916 quid

101 929 192 980 ererum,
204 928 319 982 prouidere
330 929 392 972 decet.
411 942 461 971 uara
473 929 498 971 iu
509 928 567 971 oraui
579 929 693 973 ceriaruiue
705 930 742 984 qui
758 930 877 984 opulentior

101 1003 137 1051 est,
145 1000 229 1043 etiamsi
240 998 317 1053 accipit
324 999 434 1051 iniuriam,
445 1003 521 1050 tarueu,
536 999 725 1053 quiaqlusqrotesi,
739 1000 811 1053 facere
821 1000 877 1044 oide-

77 1072 144 1113 8tur.
169 1082 206 1112 aas
222 1073 301 1122 autem,
321 1069 431 1112 Adherbal
447 1072 467 1112 et
481 1068 600 1122 Eiacuqsal,
617 1069 677 1113 colite
692 1070 798 1113 obseruate
813 1070 877 1113 talem

102 1139 158 1181 liuuc
173 1139 248 1191 cirum,
264 1139 381 1182 iruitamiui
395 1140 494 1182 uirtutem
509 1143 529 1181 ei
544 1139 662 1191 cuiiimiui,
683 1154 710 1183 ue
725 1153 762 1196 eqo
781 1141 877 1185 meliores

103 1209 179 1252 liberos
193 1210 309 1262 sumpsisse
323 1209 398 1252 uidear
413 1223 476 1264 qaam
494 1210 604 1264 qeuuisse‘.
689 1255 692 1259 ,

65 1287 90 1321 11
162 1282 196 1321 Ad
216 1294 240 1321 ea
255 1282 357 1334 Iugurtha
376 1282 457 1322 tametsi
478 1294 548 1333 regem
566 1281 613 1321 ficta
637 1281 725 1322 locutum
745 1282 878 1336 intellegebat
910 1286 912 1288 ’

102 1353 182 1405 etipse
198 1352 258 1404 longe
274 1351 333 1392 ahter
349 1353 414 1392 animo
431 1352 527 1405 agitabat,
546 1354 613 1392 tamen
628 1365 665 1405 pro
681 1354 773 1406 tempore
789 1353 877 1405 benigne

80 1429 91 1461 2
103 1422 214 1475 respondit.
237 1422 324 1476 Micipsa
334 1422 404 1476 paucis
415 1424 462 1476 post
472 1422 544 1462 diebus
554 1421 644 1462 meritur.
665 1424 773 1475 postquam
782 1423 812 1463 illi
822 1436 878 1464 more

102 1493 159 1546 regio
179 1493 233 1533 insta
248 1492 355 1545 magnifice
374 1493 474 1542 fecerant,
496 1492 563 1544 regali
577 1493 597 1531 in
617 1505 680 1532 unum
696 1496 840 1545 convenerunt,
855 1498 879 1534 ut

78 1563 156 1603 3inte1·
169 1576 191 1602 se
202 1563 228 1603 de
243 1563 321 1604 cunctis
330 1563 417 1615 negotiis
433 1563 577 1616 disceptarent.
604 1563 642 1602 sed
657 1562 772 1616 Hiempsal,
793 1565 827 1617 qni
844 1564 879 1604 mi-

102 1646 176 1673 numus
196 1633 280 1674 axillis
301 1637 355 1684 erat,
380 1636 454 1674 natura
472 1634 531 1674 ferox
550 1636 571 1672 et
589 1633 629 1673 iam
653 1636 713 1673 antea
731 1634 879 1686 ignobilitatem
912 1623 914 1630 ’

102 1704 225 1757 Iugurthae,
246 1704 293 1757 qnia
313 1707 404 1745 materno
420 1717 496 1757 genere
512 1703 577 1757 impar
592 1705 646 1753 erat,
666 1703 786 1756 despiciens,
806 1706 879 1746 dextra

103 1775 241 1815 Adherbalem
257 1775 339 1825 assedit,
358 1788 383 1815 ne
398 1775 477 1816 medius
498 1774 616 1824 extribus,
638 1774 691 1827 quod
710 1775 764 1828 apud
779 1775 878 1817 Numidas

66 1903 117 1938 [eine
136 1902 205 1937 Rechte
223 1901 261 1936 ihm
282 1912 323 1955 num
339 1900 455 1946 Handfchlag
513 1902 530 1936 8.
544 1900 595 1936 colite
608 1881 705 1956 obseruate,
717 1901 775 1948 ehret,
787 1902 859 1941 achtet„

67 1960 196 2004 hinreichend‚
215 1959 279 1994 malint
297 1960 334 1995 ihn.
360 1960 410 1995 naeu
429 1970 455 1995 er·
490 1982 564 2019 1142·
585 1981 621 2018 Die
633 1981 878 2028 Emordungffiempsals'

67 2020 160 2065 gannend:
170 2018 334 2064 qreruequilideu.
352 2018 415 2054 Indern
424 2018 455 2054 der
514 2054 544 2089 ss.
570 2057 586 2089 L
604 2057 740 2098 mmmm,
758 2055 792 2090 wie
811 2065 831 2090 es
847 2054 880 2091 der

67 2079 130 2123 Konig
147 2078 184 2113 ihm
201 2077 250 2124 leine
268 2077 338 2113 Rechtc
358 2077 455 2122 hinreicht,

68 2137 167 2174 versichert
188 2147 208 2172 er
232 2135 260 2171 als
282 2136 343 2182 Kdnig
367 2137 398 2172 ihn
423 2136 455 2173 des

68 2196 159 2232 Schutzes
170 2196 229 2231 leines
241 2195 326 2231 Reiches.

92 2257 109 2290 4.
128 2253 197 2298 afficio,
217 2253 275 2290 durch
293 2254 457 2300 Pflichte'rffillung,

68 2314 99 2350 die
114 2313 150 2349 fich
166 2313 191 2348 im
204 2313 322 2358 Gegendienlt
331 2307 375 2357 (ab,
388 2314 457 2357 facere)

68 2374 124 2418 zeigt.

94 2435 110 2468 6.
123 2431 209 2477 equidem,
223 2431 255 2467 das
269 2430 328 2466 durch
339 2430 458 2467 everltbrkte

69 2490 146 2537 quidem,
155 2490 206 2527 dient
213 2501 245 2526 zur
251 2489 399 2534 Hervorhebung
407 2490 458 2525 einer

69 2550 137 2587 Person
155 2549 200 2586 oder
220 2549 286 2590 sacha
312 2549 361 2585 hier:
382 2548 412 2584 ich
429 2548 458 2584 liir

68 2611 143 2645 meinen
152 2609 193 2646 Teil
201 2609 292 2654 dbergebc
304 2609 350 2644 euch
363 2608 393 2643 die
401 2607 458 2643 Herr-

70 2668 130 2704 lchaft
141 2668 200 2709 ltark;
213 2667 258 2703 aber
270 2678 293 2703 an
306 2667 353 2703 euch
365 2666 387 2702 it
395 2676 415 2702 es
424 2670 458 2702 etc.

94 2729 110 2762 7.
123 2730 165 2761 aute
176 2727 214 2770 has,
227 2726 291 2769 zuerlt,
304 2736 337 2761 vor
350 2725 385 2761 den
393 2724 459 2761 beiden

70 2785 152 2821 anderen
164 2784 250 2828 Prinzen,
267 2784 309 2821 weil
321 2794 341 2820 er
355 2783 387 2820 der
399 2784 458 2820 altere

70 2844 107 2881 und
119 2843 252 2889 veritandigere
264 2843 290 2882 ilt.

492 2111 880 2168 Augenblickfordcrte.—deniquawohl-

492 2170 575 2207 wollend.

516 2244 534 2279 2.
544 2246 643 2287 postquam
651 2241 740 2287 feceruut,
753 2247 880 2279 cauaeueruut.

493 2302 531 2337 Das
544 2300 719 2345 Plusqnamperfekt
732 2301 777 2337 wird
786 2303 819 2338 mit
829 2306 881 2347 qast-

494 2369 547 2405 quam
559 2358 672 2404 verbunden,
684 2370 736 2395 wenn
747 2360 835 2398 rwilchen
849 2362 881 2398 der

493 2418 590 2465 Handlnng
611 2418 643 2454 des
660 2419 733 2455 Neben·
754 2419 792 2455 und
810 2421 881 2466 Haupt-

493 2477 551 2513 latres
577 2478 607 2513 ein
625 2478 720 2514 Zeitraum
740 2478 835 2515 rerflollen
855 2479 881 2524 ilt.

495 2537 532 2571 Das
540 2536 617 2572 Perlekt
622 2536 706 2580 feceruut
713 2537 775 2573 whrde
783 2538 881 2574 bedenten:

494 2595 613 2630 unmittelbnr
635 2596 689 2631 nach>
703 2596 735 2632 der
753 2595 882 2632 Lcichenfeier

494 2657 555 2690 traten
566 2654 590 2689 fic
602 2654 709 2691 zusammen.

518 2726 535 2762 3.
553 2724 661 2769 despicieris,
681 2723 796 2760 verachtlich
816 2724 882 2760 herab-

494 2783 592 2819 lchauend.
599 2803 622 2809 -
628 2782 751 2820 Adherbalem
759 2783 832 2828 assedit,
842 2784 882 2820 eine

493 2842 562 2878 seltene
578 2842 697 2889 Verbindung
712 2841 770 2879 dieses
787 2842 882 2880 Verbums
