1872 3089
271 107 379 136 unumne
388 106 522 137 rueuururuo
531 106 548 137 c.
557 108 616 136 so-sr.
808 97 835 138 59

61 210 93 246 tra
108 204 195 245 feriundi
214 207 250 246 aut
265 206 386 245 conserundi
406 218 488 245 manum
508 205 566 259 copie
581 206 634 245 erat:
658 207 706 245 ante
727 204 767 244 iam
783 203 859 244 doctis

62 276 87 315 ab
97 274 200 327 Iugurtha
215 275 350 328 equites-..ubi
360 275 498 316 Romanorum
512 277 579 315 turma
589 275 669 328 insequi
679 275 781 328 coeperat,
796 286 837 313 uon

62 341 169 386 confertim
188 358 256 398 neque
273 345 295 385 in
309 358 372 385 uuum
387 359 433 385 sese
451 345 584 399 recipiebant,
599 346 637 385 sed
652 345 704 386 olins
721 344 760 384 alio
776 356 837 396 quam

61 418 156 456 maxume
172 416 253 455 divorsi.
283 415 312 455 ita
330 404 413 456 numero
431 409 518 468 priores,
537 416 554 455 si
575 416 601 455 ab
615 415 756 468 persequendo
772 413 861 454 hostist

63 487 168 526 deterrere
182 486 322 538 nequiverant,
339 485 434 526 disiectos
450 487 475 526 ab
491 487 550 537 tergo
566 487 601 524 aut
615 485 714 525 lateribus
728 485 838 525 circumre-

62 556 155 604 niebent3
171 550 202 595 siu
217 556 348 609 opportunior
362 555 424 608 fugae
435 556 491 595 collis
506 568 568 607 quem
583 556 648 608 campi
660 555 733 604 fueret,
748 567 773 594 ea
787 566 837 595 uero

63 625 155 666 consueti
169 624 304 665 Numidarum
319 625 366 677 equi
385 624 446 665 facile
461 626 513 665 iuter
534 625 625 677 virgulta
640 625 737 675 eradere,
756 627 838 664 nostros

64 695 164 747 asperitas
176 699 197 733 et
206 694 316 734 insolentia
329 694 369 734 loci
384 695 491 734 retinebat.
519 697 608 733 ceterum
618 694 681 733 iacies
692 694 753 733 totius
768 693 838 745 negoti
850 695 874 731 51
923 736 926 742 ,

20 812 22 816 ι
64 765 121 804 veria
129 764 209 804 incerte
222 765 283 804 foeda
293 767 355 817 etque
364 763 492 804 miserabilis.
524 763 611 817 dispersi
621 776 633 803 e
644 763 690 806 suis>
700 776 749 816 pars
765 764 838 803 cedere

64 835 98 874 alii
107 835 193 887 insequi,
209 848 276 887 neque
291 835 351 887 signe
366 847 433 887 neque
448 834 530 873 ordines
546 835 667 882 ohservare,
687 834 722 873 ubi
738 846 839 885 quemque

63 904 176 958 periculum
191 906 274 958 ceperat
288 904 316 944 ibi
331 904 429 944 resistere
439 916 463 944 ee
472 904 599 957 propulsare,
614 916 671 943 erma
680 904 723 943 tela
737 904 785 955 equi
800 903 840 942 viri

65 976 133 1019 hostes
149 977 210 1026 atque
220 974 276 1014 cives
287 974 390 1026 permixti,
406 973 456 1013 nihil
471 973 554 1013 consilio
565 986 632 1025 neque
642 973 726 1026 imperio
742 973 781 1025 agi,
797 973 839 1013 fors

65 1044 132 1084 omnia
146 1057 226 1096 regere.
251 1045 319 1095 itaque
338 1044 424 1083 multum
445 1044 486 1084 diei
500 1046 638 1096 processerat,
659 1056 704 1083 eum
719 1043 781 1083 etiam
796 1046 863 1083 tum2

1 1169 6 1174 Α
65 1116 151 1154 eventus
166 1115 186 1153 in
201 1114 279 1154 incerto
299 1117 349 1154 erat.
380 1114 468 1166 denique
489 1114 582 1153 omnibus
603 1113 672 1153 labore
688 1121 709 1153 et
724 1118 783 1153 aestu
797 1114 863 1152 len-3

65 1184 133 1236 guidis
143 1184 246 1234 Metellus,
261 1183 296 1222 uhi
305 1184 363 1223 ridet
372 1183 472 1223 Numidas
483 1185 549 1222 miuus
559 1183 642 1233 instare,
656 1183 756 1235 paulatim
765 1183 840 1222 milites

65 1255 87 1293 in
102 1266 164 1292 uuum
180 1254 279 1303 conducit,
295 1254 376 1293 ordines
395 1253 486 1293 restituit
501 1256 522 1291 et
541 1252 629 1292 cohortis
644 1252 766 1304 legionarias
785 1256 841 1305 quet-

65 1327 111 1362 tuor
134 1324 243 1363 advorsum
262 1323 342 1376 pedites
367 1323 455 1363 hostium
480 1323 570 1363 collocat.
604 1335 675 1362 eorum
695 1334 771 1374 magna
791 1335 840 1375 pars

66 1471 93 1495 uro
105 1459 128 1494 fie
141 1459 235 1503 augreifeu
248 1460 332 1502 wollten‚
348 1460 453 1495 eutuischte

67 1518 98 1553 der
117 1517 182 1553 Feind.
214 1517 287 1562 „Duroh
312 1518 346 1553 deu
370 1518 453 1553 muster

65 1574 135 1620 Ksmpf
140 1575 253 1620 gethulchffl.
261 1595 282 1601 -
289 1575 325 1620 ipsi
337 1575 394 1619 modo,
408 1577 454 1612 eben

66 1645 101 1669 nur
113 1634 137 1668 lie
149 1633 239 1669 erhielten
251 1634 342 1671 Wundeu.
359 1654 382 1659 -
397 1645 454 1678 ireque

67 1694 131 1726 rostra
142 1691 196 1736 copie
207 1695 253 1735 erat,
266 1692 358 1728 ihrerleits
371 1691 454 1737 dsgegeu

66 1750 130 1785 hetteu
148 1749 171 1784 lie
188 1749 243 1785 keiue
255 1750 376 1794 Moglichkeit
393 1749 453 1786 draut-

66 1807 181 1852 zulohlagen.

91 1867 108 1903 5.
120 1865 175 1910 docti,
184 1866 302 1911 eugewiel'en.
309 1886 332 1891 —
338 1869 405 1910 surina,
414 1867 454 1902 siue

67 1924 190 1968 gelchlolseue
214 1924 329 1961 siruamus
354 1944 375 1949 -
401 1935 455 1968 qrram

67 1982 145 2017 pissime
157 1982 236 2025 divorsi,
253 1983 347 2027 moglichlt
358 1984 401 2018 weit
413 1994 454 2018 aus·

69 2041 162 2077 einander.

92 2101 108 2137 6.
120 2109 195 2134 aorriero
200 2099 280 2143 priores,
293 2099 335 2135 weil
342 2099 366 2136 lie
375 2111 398 2136 au
406 2100 454 2135 Zahl

68 2157 167 2201 uberlegeu
178 2167 275 2193 11111111.-
286 2156 369 2193 disiectos
380 2159 455 2193 circam-

68 2215 164 2251 eeaiehcut
182 2231 206 2244 =
222 2216 330 2251 disiciebaat
346 2219 363 2250 et
380 2217 456 2251 circum-

69 2274 170 2309 saulceuse.
197 2273 227 2310 Sie
240 2274 314 2318 ¹jegteu
335 2275 456 2309 ausemander

69 2333 112 2375 und,
121 2343 173 2368 weuu
179 2332 287 2377 gleichwohl
294 2332 322 2368 die
331 2332 399 2368 Romer
407 2333 457 2368 nicht

69 2392 168 2428 ahltsnden
180 2403 204 2426 zu
216 2391 316 2437 rerfolgen,
329 2396 415 2427 treunten
428 2391 457 2426 die

69 2450 457 2495 verfolgeuden3uenu‚fiegetrenntwereu,

70 2510 152 2544 kounteu
164 2509 188 2543 lie
203 2508 230 2543 als
242 2519 316 2543 tremere
328 2509 412 2553 priores,
429 2509 457 2543 die

70 2567 200 2611 verfolgendeu
215 2568 323 2611 umziugeln.
334 2587 358 2592 —
369 2578 392 2603 ea
409 2577 456 2611 cero,

71 2627 94 2661 de
106 2625 142 2662 erit
153 2626 212 2662 recht.
225 2646 248 2653 -
259 2626 350 2670 asperitas
362 2625 407 2669 lori,
424 2625 457 2661 der

51 2728 54 2730 q
72 2684 114 2720 wild
125 2685 265 2721 uberuschlene
276 2684 346 2729 Boden,
358 2683 457 2719 insolentia

70 2744 114 2786 lori,
133 2743 173 2780 weil
191 2743 215 2779 fie
231 2743 283 2779 nicht·
299 2744 356 2778 daran
372 2743 457 2788 geuohnt

71 2813 139 2840 uraren,
151 2822 174 2827 -
187 2802 282 2845 reticebat,
294 2801 340 2837 hielt
352 2802 389 2837 auf.

511 1459 542 1495 51.
556 1463 571 1494 1.
583 1458 780 1503 faciesictiosuepoti
793 1459 825 1494 das
834 1459 876 1495 Bild

489 1517 521 1552 der
534 1527 604 1561 genien
615 1516 671 1562 Lege.
687 1536 708 1542 —
724 1517 779 1551 caric
790 1537 814 1543 -
825 1517 877 1553 mise·

488 1575 560 1619 rabitis,
569 1576 610 1610 eine
619 1576 728 1621 Steigeruug
735 1586 776 1610 vom
784 1575 877 1612 Wechlel·

489 1633 550 1669 vollen
562 1634 589 1669 bis
602 1645 643 1669 zum
655 1634 805 1670 Jammervolleu.
814 1654 837 1659 -
846 1635 876 1669 ot-

489 1701 567 1734 sarocre,
577 1691 645 1727 darauf
650 1692 724 1736 aetiten,
734 1691 768 1738 dall
777 1704 819 1728 man
826 1693 877 1728 nicht

489 1760 525 1784 von
541 1749 608 1785 leiuem
620 1749 744 1786 Feldzeichen
762 1751 800 1785 und
816 1751 877 1786 [einer

490 1807 548 1843 Reihe
556 1802 661 1849 ahkomme3
671 1809 706 1853 ,im
714 1809 767 1852 Auge
773 1808 877 1844 hehalten“.

490 1885 512 1890 -
522 1865 639 1910 propulsare,
652 1877 688 1902 rou
699 1866 736 1902 fich
743 1866 878 1903 obscures.-

490 1924 537 1958 uihii
557 1944 578 1949 —
595 1925 636 1969 api,
654 1925 716 1966 nichts
733 1925 811 1969 gelehch
829 1927 878 1962 uach

491 1983 550 2018 einem
567 1982 681 2018 heltimmteu
699 1984 745 2018 Plau
764 1984 802 2019 und
821 1984 878 2021 Ober-

490 2039 558 2076 be'fehl.

513 2103 531 2135 2.
542 2101 615 2144 itaque,
631 2099 668 2134 und
680 2099 708 2144 so,
724 2100 742 2135 iu
760 2099 818 2137 dieser
833 2101 878 2137 Ver-

490 2159 576 2203 wirruug.
601 2168 641 2193 enin
653 2178 674 2183 -
688 2161 733 2202 erut,
746 2159 838 2195 lnverfiou
846 2159 878 2196 des

491 2216 614 2261 Hauptlatzes
636 2216 728 2261 mithezug
753 2218 786 2253 sul
805 2218 838 2253 das
860 2220 880 2253 in

491 2274 567 2309 mattam
579 2275 684 2309 enthsltene
696 2275 738 2309 ium.

516 2335 532 2368 3.
546 2332 628 2377 risuique,
643 2344 666 2368 zu
678 2333 767 2368 conducit.
779 2354 802 2360 -
811 2334 879 2379 paula-

492 2391 531 2434 tim,
543 2391 656 2435 ellmshlieh,
673 2403 709 2427 nur
721 2392 808 2436 lauglsm.
820 2394 879 2429 -1ε-

492 2449 597 2494 p-iooarias,
616 2461 648 2485 aus
660 2449 753 2494 legions,
769 2449 786 2486 d.
802 2451 813 2486 i.
825 2452 880 2486 romi·

492 2508 547 2543 ichen
576 2508 664 2543 Soldateu
694 2509 796 2544 heitehend.
832 2508 881 2545 Eine

493 2566 575 2603 Kohcrte
591 2567 632 2613 hiess
645 2567 716 2602 damels
728 2567 776 2603 uoeh
789 2568 830 2603 eine
842 2569 880 2603 Ab·

492 2625 563 2670 teiluug
576 2625 608 2660 der
619 2626 695 2670 Legion,
708 2626 806 2662 heltehend
818 2636 850 2662 aus
861 2627 881 2671 je

493 2684 552 2720 ciuem
575 2684 658 2730 Manipel
677 2684 756 2729 hastati,
780 2685 881 2731 principes,

491 2744 585 2778 triariix—
591 2741 675 2786 collocat,
686 2753 706 2778 er
714 2743 762 2779 [tellt
770 2744 806 2780 ello
814 2743 882 2779 wieder

493 2802 534 2836 eine
546 2801 672 2852 geschloiiene
685 2801 817 2837 Gefechtslinie
828 2803 867 2837 her.
