1872 3089
269 109 298 136 on
308 108 376 136 annno
386 107 519 136 rucunrnrro
530 108 548 136 e.
557 104 625 137 ro-m.¹
807 98 835 137 27

57 205 129 256 cessit,
150 197 235 246 obscuro
256 205 377 245 etiamtum
397 205 473 245 lumine
488 205 564 246 milites
579 204 698 258 Iugurthini
713 204 772 256 signo
788 203 835 243 dato

57 278 124 315 eastra
139 276 227 316 hostium
242 276 347 325 invadunt,
362 276 494 315 semisomnos
509 276 583 329 partim
598 276 649 315 alios
664 287 722 314 arma
737 273 836 313 sumentis

56 348 130 399 fugant
143 346 277 399 funduntque.
308 345 415 386 Adherbal
430 358 476 386 cnm
495 346 566 400 paucis
582 345 684 398 equitibus
700 343 777 386 Cirtam
791 356 837 397 pro-

56 417 116 469 fugit,
132 419 154 456 et
163 417 184 456 ni
194 415 302 456 multitudo
313 418 429 469 togatorum
439 417 518 465 fuisset,
534 415 695 469 quaeNnmidas
709 413 836 467 insequentis
883 436 888 444 -
907 448 911 453 f

57 487 162 527 moenibus
173 486 281 540 prohibuit,
296 499 336 526 uno
348 487 381 526 die
391 487 445 527 inter
460 475 511 527 duos
522 500 583 539 reges
593 488 688 539 coeptum
698 488 760 537 atque
770 487 837 537 patra-

57 559 102 597 tum
117 557 193 597 bellum
208 558 266 596 foret.
296 556 361 609 igitur
375 556 478 609 lugurtha
497 557 594 610 oppidum
612 555 751 604 circumsedit,
771 553 860 593 rineisss

58 628 190 680 turribusque
206 631 226 667 et
241 627 339 667 machinis
355 627 444 667 omnium
458 640 558 680 generum
573 639 694 680 expugnare
710 624 837 678 aggreditur,

58 711 154 738 maxume
165 697 264 737 festinans
280 702 359 750 tempus
375 698 491 750 legatorum
506 699 634 751 antecapere,
650 710 701 749 quos
717 699 764 735 ante
779 707 837 748 proe-

58 768 108 808 lium
123 769 199 808 factnm
214 769 239 808 ab
255 768 373 807 Adherbale
388 767 475 808 Romam
490 768 563 808 missos
579 768 691 807 audiverat.

119 837 160 877 Sed
179 839 287 890 postquam
308 840 392 877 senatus
412 838 437 876 de
457 837 510 876 bello
531 850 601 877 eorum
619 837 706 889 accepit,
727 839 769 875 tres
789 836 862 875 adu-4

58 907 161 949 lescentes
177 908 197 947 in
212 906 303 947 Africam
315 908 420 960 legantur,
438 907 474 961 qui
489 908 559 948 ambos
574 920 636 959 reges
651 907 732 956 adeant,
753 907 838 946 senatus

59 978 169 1032 populique
179 977 266 1018 Romani
275 978 345 1017 verbis
360 978 466 1018 nuntient:
482 978 537 1018 velle
548 980 569 1018 et
584 990 669 1018 censere
684 990 719 1017 eos
735 977 760 1016 ab
776 976 838 1016 armis

61 1049 174 1097 discedere,
194 1044 230 1100 [de
252 1048 396 1088 controversiis
413 1048 455 1087 suis
474 1048 519 1088 iure
539 1048 607 1101 potius
627 1061 687 1100 quam
702 1047 756 1086 bello
773 1047 839 1086 disce-

60 1114 136 1173 ptare2]
146 1119 175 1158 ita
186 1131 249 1170 seque
255 1117 337 1170 illisque
345 1118 429 1170 dignum
440 1131 491 1157 esse.
509 1118 573 1170 legati
583 1118 604 1158 in
611 1118 702 1157 Africam
712 1119 838 1157 maturantes
851 1117 875 1152 &2

60 1188 151 1238 ueniunt,
167 1201 191 1228 eo
207 1188 271 1240 magis
287 1189 342 1240 quod
351 1187 436 1239 Romae,
453 1189 501 1228 dum
515 1188 615 1241 proficisci
625 1191 705 1241 parant,
722 1188 747 1227 de
762 1187 839 1240 proelio

60 1259 113 1299 iacto
130 1264 151 1298 et
170 1259 319 1311 oppugnatione
335 1258 404 1299 Cirtae
423 1258 553 1298 audiebatur:
572 1259 610 1298 sed
627 1258 646 1297 is
661 1271 730 1298 rumor
750 1258 839 1297 clemens

61 1331 111 1369 erat.
142 1341 227 1381 quorum
242 1327 344 1380 Iugurtha
359 1330 443 1381 accepta
462 1329 552 1368 oratione
572 1328 688 1382 respondit:
711 1326 754 1368 sibi·
773 1338 840 1379 aeque

61 1398 132 1453 ariciae
152 1398 265 1451 quicquain
288 1410 354 1451 aeque
376 1398 448 1439 corias
471 1397 597 1439 uriotoritote
619 1399 707 1439 secudans
730 1408 786 1448 essa·
813 1395 840 1437 ab

64 1466 209 1509 aeramento
223 1466 255 1508 ito
270 1480 293 1508 se
308 1467 396 1517 eaisem,
417 1470 441 1508 at
457 1466 483 1509 ab
506 1470 590 1520 optumo
606 1479 686 1521 qaoque
699 1466 841 1518 proheredum

63 1538 147 1589 virtute,
156 1550 199 1579 riou
209 1536 294 1579 cratitio
302 1536 328 1578 P.
336 1535 434 1597 §omioni
443 1550 524 1579 oteramo
535 1537 582 1579 niro
591 1537 712 1589 procoma,-
722 1537 746 1579 οῖ)
757 1536 841 1579 eosdem

65 1609 120 1650 catis
135 1621 149 1649 u
163 1606 261 1660 Micipsa
275 1619 319 1648 core
329 1597 426 1660 penaria
441 1607 557 1650 liberorum
571 1608 596 1649 ira
610 1621 700 1662 requiem
717 1607 842 1660 ccloptotam

64 1759 129 1796 noctis.
141 1758 238 1794 Adiectiva
251 1761 316 1793 neutra
324 1757 398 1793 werden
406 1757 452 1793 han·
490 1757 521 1793 der
528 1757 584 1793 Sonat
592 1758 620 1793 als
627 1757 762 1802 Repral'entant
770 1757 801 1793 des
808 1756 878 1792 Volkes

64 1818 90 1863 fig
107 1816 243 1853 substantivisch
258 1816 365 1861 gebraucht.
384 1836 407 1842 —
425 1816 454 1851 ob·
489 1816 540 1852 kraft
554 1817 613 1852 [einer
630 1816 687 1852 durch
704 1816 737 1851 das
755 1816 834 1851 letztere
850 1826 879 1851 er-

33 1882 34 1885 ’
64 1886 119 1913 sauro
132 1875 186 1911 etiam
198 1874 318 1918 triturantia,
329 1875 397 1919 jedoch
405 1875 454 1911 noch
489 1876 576 1911 haltenen
589 1875 700 1910 Vollmacht.
725 1893 747 1898 —
771 1874 838 1918 uerbis,
854 1875 879 1909 im

65 1934 255 1979 vorTagesanbruch.
268 1953 290 1957 -
303 1933 367 1978 lopati,
379 1933 453 1978 Romer,
489 1934 575 1978 Auftrug.
589 1953 611 1959 -
623 1933 667 1968 velle
679 1937 697 1967 et
709 1943 784 1967 censere.
803 1936 879 1967 senates

65 1994 106 2029 hier
112 1994 132 2029 in
139 1994 233 2029 welterenr
242 1991 302 2035 Smne,
309 1991 376 2037 solche,
385 1991 454 2028 welche
490 1996 554 2036 causet,
564 1991 695 2037 populosam
708 1992 781 2034 (itabat).
797 2011 821 2016 -
838 1990 880 2026 iere

65 2054 84 2089 in
95 2052 202 2096 Beziehung
214 2062 256 2085 num
268 2050 370 2086 romischen
383 2050 455 2085 Staats·
487 2051 552 2096 potius
564 2061 618 2095 qnam
626 2050 671 2085 hello
679 2050 787 2094 disceptare,
800 2049 880 2085 aufdem

65 2111 147 2148 verband
159 2110 240 2146 standon.
398 2122 404 2131 ··
491 2110 549 2154 Wege
562 2110 594 2145 des
607 2109 688 2145 Rechtes
704 2108 793 2144 vielmehr
807 2108 835 2144 als
848 2109 881 2143 mit

42 2165 44 2169 ’
90 2173 107 2206 3.
119 2174 189 2220 ternpus
201 2172 314 2213 antecapere,
328 2168 405 2204 dieZeit
413 2178 455 2203 vor·
491 2168 527 2204 den
545 2167 619 2203 Waffen
636 2168 673 2203 fich
691 2168 881 2204 auseinandersetzen.

66 2240 106 2273 weg
118 2229 203 2270 nehmen,
217 2227 232 2263 d.
244 2228 256 2263 i.
274 2238 297 2262 zu
308 2227 375 2262 leinem
383 2226 456 2262 Vorteil
515 2227 547 2262 22,
555 2230 569 2262 1.
581 2230 700 2270 rnoturantes,
709 2227 727 2262 in
734 2226 881 2271 belchleunigter

67 2291 175 2324 ansniitzen.
202 2290 272 2330 tempus
292 2285 401 2330 lepctoraon,
428 2285 456 2320 die
491 2286 549 2322 Reile.
563 2296 618 2321 -eo
630 2275 697 2331 inopis,
715 2285 789 2321 hezieht
800 2285 836 2321 fich
848 2284 883 2320 aut

68 2348 114 2391 Zeit,
127 2345 195 2381 welche
208 2345 237 2380 die
245 2344 347 2380 Gelandten
360 2356 395 2379 zur
403 2344 456 2380 Reiie
492 2348 611 2380 motrrraates.
619 2344 664 2379 —is
676 2354 744 2388 aranon,
757 2344 837 2379 namlich
845 2355 881 2379 ron

18 2439 19 2443 ,
68 2406 105 2441 und
114 2404 247 2447 Verhandlung
259 2404 278 2438 in
290 2403 337 2438 Rom
349 2404 456 2439 hrauchtcn.
493 2404 525 2440 der
533 2402 593 2447 ‘Lege
611 2404 630 2438 in
648 2403 706 2439 Cirta.
731 2403 814 2446 clemens,
833 2403 881 2438 noch

68 2464 134 2500 Diesen
147 2462 301 2506 Verhandlungen
317 2462 379 2502 wollte
391 2472 412 2497 er
423 2462 457 2496 mit
492 2461 552 2497 mildo.
571 2451 628 2497 Hace
638 2473 680 2497 man
689 2462 718 2497 die
726 2462 775 2497 volle
782 2461 881 2497 Wahrheit

69 2524 118 2559 einer
130 2522 209 2565 tertigen
222 2520 325 2556 Tharsache
337 2520 437 2566 begegnen.
492 2520 590 2565 erfahren‚
610 2520 629 2555 lo
647 2524 695 2555 ware
713 2520 762 2555 noch
780 2519 815 2555 viel
830 2520 882 2555 mehr

128 2613 130 2617 ,
433 2582 435 2585 '
493 2579 558 2615 Grnnd
569 2591 603 2614 zur
615 2579 771 2623 Belchleunignng
783 2578 817 2614 der
829 2579 883 2615 Reile

110 2625 219 2678 2154—22.
243 2624 416 2661 Zweiterttmilehe
492 2638 579 2683 gewesffi

188 2683 336 2721 Gssfflfldlssshafl·
516 2700 534 2734 2.
546 2696 635 2739 oratione,
649 2696 761 2740 blitteilung.
774 2696 831 2733 —ob
843 2706 882 2731 ecs·

93 2760 110 2792 4,
122 2760 197 2792 serratus
211 2755 312 2800 populique
324 2755 411 2791 Rotnani.
435 2756 457 2790 In
493 2756 597 2799 (temnetis,
609 2755 689 2799 inbezng
701 2754 735 2790 auf
745 2754 812 2790 uirtute
820 2770 843 2784 =
852 2755 882 2790 bo-

71 2816 105 2852 den
114 2816 237 2860 answartigen
245 2815 373 2860 Beziehnngen
381 2815 457 2850 handelt
492 2814 523 2849 aio
535 2814 611 2849 arctoos.
619 2833 642 2838 —
650 2813 671 2848 ia
682 2824 764 2858 reptatur,
776 2814 813 2858 vgl.
826 2816 853 2850 10.
867 2816 883 2849 1.
