1872 3089
286 82 315 110 nn
322 82 392 112 annno
401 81 534 111 ineunrmro
545 81 562 110 o.
572 82 631 109 ee—ao.
819 70 847 111 47

66 180 88 220 iu
102 178 193 219 Africam
213 179 360 233 proficisoitur3
380 192 428 219 nam
449 178 514 219 omnis
533 178 646 227 exereitus,
667 178 698 217 uti
718 179 848 226 convenerat,

65 248 163 290 Numidia
171 251 273 290 deductus
283 249 305 289 in
315 250 420 303 provincia
429 249 538 289 hiemabat.
554 251 663 302 postquam
674 262 698 289 eo
705 248 768 297 venit,
779 260 847 300 quam·
859 258 870 291 5

67 331 129 372 quam
148 320 246 373 persequi
265 319 387 372 Iugurtham
407 322 429 360 et
448 320 527 359 mederi
548 319 651 359 fraternae
669 318 761 359 invidiae
783 317 849 357 animo

67 390 163 439 ardebat,
185 390 270 442 oognitis
285 389 392 440 militibus,
413 403 463 442 quos
484 391 568 442 praeter
586 389 656 442 fugam
676 389 743 429 soluto
761 387 847 441 imperio
918 379 920 381 V

66 459 150 500 lieentia
171 463 233 513 atque
252 460 337 499 laseivia
352 462 477 513 oorruperat,
498 472 526 500 ex
548 459 605 513 eopia
627 472 696 499 rerum
717 459 790 499 statuit
809 458 848 498 sibi

67 530 117 570 nihil
132 529 256 582 agitandum.
287 530 369 570 interim
384 530 462 570 Romae
473 527 495 569 O.
506 529 608 569 Mamilius
619 529 737 569 Limetanus
752 530 847 569 tribunus
859 536 884 572 40

67 600 133 654 plebis
148 600 276 653 rogationem
292 601 319 639 ad
333 601 431 654 populum
445 601 567 653 promulgat,
583 600 614 639 uti
623 603 757 652 quaereretur
771 600 847 648 ineos,

67 683 153 723 quornm
164 670 247 711 oonsilio
258 670 360 723 Iugurtha
370 671 438 710 senati
450 671 534 710 decreta
543 670 678 722 neglegisset,
693 670 768 722 quique
784 671 809 709 ab
824 681 848 708 eo

67 740 89 781 in
101 740 239 793 legationibus
255 742 291 780 aut
305 741 396 794 imperiis
411 740 508 799 pecunias
524 741 659 794 aoeepissent,
675 740 710 792 qui
729 739 848 793 elephantos
883 793 885 795 Ι

67 811 144 864 quique
163 811 262 864 perfugas
282 811 427 861 tradidissent,
447 811 497 851 item
513 812 549 864 qui
568 811 595 851 de
609 823 661 864 paee
682 813 718 850 aut
733 810 786 850 bello
802 822 849 856 oum

67 881 160 921 hostibus
178 882 285 936 paotiones
302 881 405 922 fecissent¹
435 881 483 921 huie
500 881 602 934 rogationi
621 880 695 934 partim
716 880 791 921 oonsoii
810 879 872 923 sibi2

68 952 102 992 alii
117 952 247 1005 expartium
262 952 341 992 invidia
355 952 447 1006 pericula
462 954 588 1002 metuentes,
610 951 704 1004 quoniam
724 952 796 1005 aperte
817 963 848 990 re-

68 1022 142 1062 sistere
162 1035 203 1063 non
223 1025 326 1076 poterant,
342 1024 392 1076 quin
407 1023 442 1062 illa
458 1024 480 1062 et
494 1022 534 1062 alia
549 1022 599 1062 talia
613 1022 696 1075 plaeere
707 1023 745 1062 sibi
760 1023 848 1061 fateren-

67 1094 108 1143 tur,
125 1093 204 1132 oooulte
219 1106 256 1145 per
267 1092 342 1132 amieos
359 1106 382 1133 ao
397 1106 493 1132 maxume
508 1105 546 1146 per
565 1092 658 1132 homines
677 1092 765 1132 nominis
780 1091 849 1130 Latini

68 1164 90 1202 et
105 1162 170 1202 soeios
185 1162 269 1203 Italicos
284 1163 430 1216 impedimenta
444 1163 550 1216 parabant.
581 1163 619 1203 s'ed
638 1162 711 1215 plebes
728 1161 872 1204 ineredibi1e3

68 1236 180 1273 memoratu
189 1237 221 1273 est
227 1247 287 1286 quam
298 1234 377 1274 intenta
388 1234 581 1286 fuerit'quantaque
590 1233 611 1273 vi
621 1234 749 1285 rogationem
759 1232 848 1281 iusserit,

69 1300 196 1356 [decreverit
214 1302 312 1357 voluerit]
334 1305 400 1357 magis
419 1304 465 1344 odio
481 1303 602 1353 nobilitatis,
621 1303 653 1343 oui
672 1304 726 1343 mala
741 1302 776 1342 illa
791 1315 849 1356 para·

68 1374 148 1423 bantur,
169 1386 230 1426 quam
245 1387 294 1413 eura
309 1374 339 1413 rei
354 1374 457 1428 publicae:
477 1376 536 1414 tanta
553 1374 622 1413 lubido
641 1373 662 1412 in
682 1374 775 1427 partibus
796 1376 848 1412 erat.

68 1443 132 1496 igitur
147 1444 223 1483 ceteris
238 1446 295 1484 metu
310 1445 411 1497 perculsis
426 1444 454 1484 M.
471 1442 567 1493 Seaurus,
582 1457 643 1496 quem
657 1444 750 1496 legatum
765 1443 848 1483 Bestiae
861 1450 873 1482 4

69 1557 98 1592 die
110 1557 199 1593 romische
212 1558 290 1593 Provinz
306 1559 458 1603 zuruckgezogen
494 1557 529 1594 den
548 1557 614 1602 Krieg,
633 1557 674 1593 (1.1.
692 1558 737 1593 iiber
756 1557 785 1593 die
801 1559 835 1592 Art
853 1557 886 1593 der

69 1626 112 1651 war.
125 1635 147 1640 —
159 1615 188 1651 uti
200 1619 313 1659 corzoeroerat,
327 1617 416 1652 zwitohen
429 1617 458 1652 Iu·
494 1616 638 1661 Kriegftihrnng.
658 1615 700 1660 Vgl.
713 1616 742 1651 36.
755 1618 771 1652 3.

69 1674 138 1718 gurtha
149 1674 187 1708 und
201 1674 264 1709 Aulus.
518 1678 535 1710 2.
546 1674 622 1718 partim,
641 1674 674 1709 wie
696 1673 733 1708 elii.
754 1693 777 1698 —
792 1673 884 1718 portium,

93 1734 110 1769 5.
122 1732 199 1776 mederi,
219 1733 332 1768 auslosohen
354 1753 377 1758 —
397 1732 458 1767 aetrno
495 1732 527 1769 der
540 1732 664 1777 Gegenpartei
678 1732 710 1767 der
722 1731 781 1776 plebs.
799 1751 819 1757 -
834 1732 885 1776 qaia,

69 1790 151 1833 ardebat,
164 1790 203 1827 lein
215 1791 264 1825 Herz
276 1790 359 1826 brannte.
372 1810 395 1816 —-
404 1800 460 1834 pree·
496 1791 544 1827 ohne
557 1791 597 1837 dall.
610 1811 633 1816 —
644 1790 685 1834 illa,
698 1802 735 1826 was
748 1790 795 1826 elles
808 1801 833 1825 an
840 1791 886 1827 Ver-

35 1894 36 1897 *
68 1853 97 1884 ter
113 1849 183 1894 frequen,
201 1848 257 1895 auller
270 1849 302 1884 der
319 1849 460 1893 lohimpfliehen
496 1850 555 1893 gehen
568 1850 593 1884 im
607 1849 772 1894 rorhergehenden
785 1848 829 1884 Satn
846 1850 885 1886 auf·

69 1907 139 1942 Fluoht
151 1907 199 1943 auoh
211 1907 265 1943 noch.
273 1927 294 1931 -
307 1906 365 1942 soluto
377 1906 460 1952 irriperm,
495 1907 571 1951 gefuhrt
587 1908 614 1945 itt.
626 1928 650 1932 —
659 1918 694 1952 per
710 1908 791 1943 homiues
807 1908 887 1943 pontinia

69 1965 140 2009 infulge
166 1964 198 2008 der
218 1965 328 2009 Loolierung
354 1967 387 2001 des
404 1965 459 2001 Ober·
495 1965 563 2001 Latiar*
581 1969 598 2001 et
619 1966 677 2001 sorios
694 1966 777 2001 Italicos.
802 1966 886 2002 Arbeits-

70 2023 149 2059 befehls.
166 2042 189 2048 -
207 2034 230 2058 err
248 2023 302 2067 copia
322 2033 391 2067 rerum,
412 2024 461 2059 nach'
495 2025 561 2061 lobene
576 2024 614 2060 und
630 2024 771 2070 genutsuohtige
783 2024 843 2060 Lente
854 2026 886 2061 ka·

56 2078 121 2126 drage
134 2082 166 2117 der
179 2082 244 2126 Dinge.
495 2094 537 2118 men
553 2077 575 2117 ‘in
589 2083 656 2126 Menge
673 2083 693 2117 in
711 2083 758 2118 Rom
776 2083 886 2127 zusammen,

496 2151 527 2176 um
539 2141 618 2177 lichum
631 2140 678 2176 Geld
690 2152 713 2176 zu
730 2140 785 2176 allem
798 2141 887 2177 dienltbar

94 2197 126 2233 40.
134 2197 317 2242 1.iaterim,inJahr
326 2197 461 2242 warochum
497 2210 520 2234 zu
533 2200 605 2243 zeigen;
623 2199 646 2234 ob
657 2198 699 2234 hier
712 2198 793 2243 Storung
806 2199 839 2234 der
850 2199 888 2234 Ko-

71 2256 150 2291 Albinus
170 2256 218 2291 naoh
234 2254 303 2290 Ablauf
322 2255 381 2300 [eines
400 2257 461 2291 Amts·
497 2258 562 2293 mitien
587 2257 632 2293 oder
661 2256 821 2303 unreohtmajtiges
845 2257 888 2293 Mit-

70 2314 141 2358 J'ahres,
154 2313 177 2349 da
189 2314 237 2349 noch
248 2313 303 2348 keine
315 2323 374 2349 neuen
380 2314 462 2349 Konsuln
497 2315 578 2352 ltimmen
591 2315 671 2360 gemeint
682 2315 716 2360 lei,
733 2315 755 2350 ilt
770 2315 888 2360 gleiohgiltig.

71 2371 220 2408 fiirdielesJahr
228 2372 308 2416 gewahlt
316 2382 382 2416 waren,
395 2373 462 2408 wieder
498 2393 520 2400 -v
530 2375 633 2419 parabant,
645 2373 719 2409 [rohten
731 2385 755 2408 zu
767 2373 856 2409 bereiten.

72 2429 119 2465 nach
125 2429 192 2466 Afrilia
200 2441 232 2465 zur
238 2421 357 2466 llbernahme
366 2430 398 2466 des
405 2430 461 2466 01111-
521 2435 538 2468 3,
550 2431 630 2467 iusserit.
643 2431 685 2476 Vgl.
692 2434 720 2468 32.
727 2432 804 2475 5.-111,
817 2432 888 2477 Heftig·

71 2488 143 2524 befehls
155 2488 245 2533 abgereilt
256 2499 300 2524 war.
308 2489 460 2533 -proroulpare,
497 2490 542 2526 keit.
551 2510 574 2516 -
582 2490 631 2525 maia
643 2489 682 2532 illa,
696 2491 725 2526 die
737 2501 770 2525 ans
784 2490 816 2525 der
821 2489 888 2527 Unter·

73 2546 156 2582 bekannt
173 2547 250 2582 macheu
270 2546 329 2582 duroh
344 2547 464 2582 offentliohen
499 2548 581 2593 suohnng
590 2548 697 2584 drohenden
704 2548 843 2594 Mijtliohkeiten
851 2550 889 2585 und

73 2604 170 2648 Anlehlag.
197 2605 240 2640 Dies
251 2604 313 2650 mthte
326 2605 366 2640 dem
378 2604 464 2639 Einbrin·
500 2606 584 2642 Schaden
598 2607 631 2642 der
644 2607 782 2650 Verurteilung.
797 2618 889 2651 —para-

73 2673 108 2706 gen
127 2662 159 2697 des
177 2663 257 2707 Antrags
281 2663 371 2707 (roratio)
392 2663 413 2698 in
431 2663 464 2698 der
500 2663 580 2709 beatur,
605 2666 639 2701 wie
659 2666 726 2701 vorher
743 2666 845 2710 parabant.
867 2688 887 2694 —

74 2720 266 2764 Volksversammlung
286 2721 420 2765 vorausgehen.
440 2717 476 2746 -’
499 2721 567 2767 tertiolo,
579 2724 790 2760 Leidenlohaftliohkeit.

73 2782 107 2813 ant
118 2778 169 2822 betto,
184 2779 228 2815 oder
240 2778 295 2823 aber,
314 2778 359 2815 oder
371 2789 405 2823 gar
417 2779 463 2814 iiber
523 2784 540 2819 4.
552 2781 618 2827 irater,
631 2782 649 2817 so
663 2793 706 2827 nun,
720 2786 774 2818 unter
787 2783 847 2819 diesen
859 2784 889 2820 be-
