1872 3089
98 126 125 166 72
383 136 401 164 o.
411 136 513 165 sunausrr
522 136 591 165 oarsrr

97 232 225 271 consulatum
242 227 338 285 appetere
356 246 396 273 non
413 234 508 273 audebat.
539 234 600 273 etiam
615 237 658 274 tum
677 235 727 274 alios
741 235 874 288 magistratus

74 301 162 355 tplebs,
181 302 308 342 consulatum
323 303 417 343 nobilitas
433 303 523 343 interae
539 317 576 357 per
591 318 663 345 manus
678 305 779 345 tradebat.
809 319 874 345 novus

98 384 157 411 nemo
168 374 210 412 tam
220 373 288 412 elarus
303 386 369 426 neque
381 375 421 413 tam
432 374 522 426 egregiis
533 374 592 413 factis
608 378 661 424 erat,
680 375 729 427 quin
744 375 762 414 is
777 375 875 427 indignus

62 444 86 479 64
98 441 133 481 illo
149 442 225 481 honore
240 445 261 482 et
276 443 336 495 quasi
351 443 441 496 pollutus
456 443 572 483 haberetur.
595 444 658 496 igitur
673 444 708 484 ubi
722 444 800 484 Marius
815 445 875 485 haru-

98 511 160 564 spiois
176 512 231 552 diota
245 513 318 552 eodem
332 513 438 553 intendere
453 513 517 561 videt,
534 527 573 565 quo
584 514 656 567 oupido
672 514 734 553 animi
749 515 875 563 hortabatur,

99 581 124 620 ab
135 580 220 621 Metello
236 583 320 635 petundi
330 582 397 634 gratia
407 582 524 622 missionem
534 588 598 635 rogat.
622 583 660 633 oui,
676 596 799 636 quamquam
809 584 875 624 virtus

98 651 165 702 gloria
181 653 243 704 atque
259 652 298 692 alia
313 653 402 704 optanda
424 653 480 692 bonis
501 653 635 705 superabant,
657 656 725 693 tamen
743 654 810 693 inerat
831 667 876 693 oon-

75 722 188 773 2temptor
203 721 282 760 animus
298 725 319 761 et
333 722 439 775 superbia,
455 735 560 761 commune
575 723 686 763 nobilitatis
701 723 782 763 malum.
807 725 876 776 itaque

99 790 186 843 primum
197 794 308 831 commotus
324 792 406 831 insolita
421 805 443 831 re
458 792 528 831 mirari
546 792 590 831 eius
605 792 711 832 eonsilium
731 795 752 832 et
767 793 825 845 quasi
839 806 877 847 per

100 860 209 900 amicitiam
229 874 312 901 monere
330 874 356 901 ne
376 863 418 900 tam
433 874 498 914 prava
515 861 615 914 inciperet
634 875 673 901 neu
696 875 757 915 super
775 863 877 902 fortunam

100 929 189 969 animum
207 934 301 982 gereret:
317 944 357 970 non
376 931 442 970 omnia
458 931 550 969 omnibus
566 931 669 983 cupiunda
684 943 736 981 esse,
756 932 831 971 debere
846 932 877 971 illi

99 1011 134 1037 res
149 1012 197 1039 suas
213 1000 263 1038 satis
278 1001 371 1052 plaeere3
386 1003 489 1053 postremo
509 1003 593 1039 caveret
607 1000 629 1039 id
644 1002 714 1053 petere
730 1001 825 1054 apopulo
835 1001 877 1041 Ro·

77 1072 166 1113 3mano,
182 1070 237 1121 qnod
251 1069 281 1109 illi
295 1070 340 1109 iure
355 1073 471 1122 negaretur.
502 1073 609 1122 postquam
624 1070 676 1109 haeo
695 1072 756 1122 atque
773 1070 813 1110 alia
828 1071 878 1110 talia

102 1137 155 1177 dixit
165 1151 231 1190 neque
242 1139 321 1178 animus
332 1139 385 1179 Mari
392 1140 487 1188 flectitur,
502 1139 614 1192 respondit,
630 1139 665 1178 uhi
674 1139 763 1192 primum
776 1139 878 1192 potuisset

77 1212 138 1260 4per
153 1208 235 1260 negotia
245 1209 332 1261 publiea,
347 1210 449 1249 faoturnm
464 1222 510 1248 sese
525 1221 578 1261 quae
593 1211 680 1261 peteret.
711 1221 734 1249 ao
749 1211 820 1262 postea
836 1222 878 1249 sae-

101 1277 148 1329 pius
168 1279 241 1318 eadem
258 1280 370 1332 postulanti
389 1280 455 1319 fertur
476 1278 554 1318 dixisse
574 1292 600 1318 ne
615 1279 722 1318 festinaret
742 1279 808 1318 abire:
828 1279 878 1317 satis

101 1349 182 1386 mature
196 1347 255 1387 illum
270 1362 316 1388 oum
331 1349 372 1389 filio
388 1362 424 1388 sno
436 1349 563 1389 consulatum
578 1348 696 1400 petiturum.
719 1348 737 1387 is
753 1361 777 1387 eo
787 1350 878 1400 tempore

102 1417 233 1457 contubernio
248 1419 313 1470 patris
332 1419 408 1458 ibidem
422 1419 529 1468 militabat,
548 1430 611 1457 annos
626 1420 688 1456 natus
703 1417 784 1457 oiroiter
798 1417 879 1469 viginti.

102 1498 155 1537 quae
176 1500 210 1526 res
225 1487 314 1527 Marium
337 1501 383 1528 eum
401 1502 438 1541 pro
457 1488 533 1527 honore
548 1500 609 1539 quem
624 1486 733 1526 affeotabat
748 1490 792 1526 tum
808 1490 879 1526 eontra

79 1561 89 1594 5
101 1555 208 1595 Metellum
218 1557 351 1597 vehementer
365 1558 493 1597 aooenderat.
516 1556 651 1609 ita'oupidine
662 1559 722 1608 atque
732 1556 763 1595 ira
777 1556 879 1609 pessumis

103 1626 251 1666 consultoribus
262 1628 358 1679 grassari,
370 1641 436 1680 neque
447 1628 500 1667 faeto
511 1627 552 1666 ullo
562 1639 628 1679 neque
640 1626 694 1666 dioto
705 1627 814 1676 abstinere,
825 1626 880 1678 quod

103 1696 161 1736 modo
177 1696 305 1736 ambitiosum
314 1698 373 1746 foret,
388 1697 463 1736 milites
474 1697 548 1749 quibus
557 1696 579 1735 in
589 1696 679 1735 hibernis
689 1698 785 1748 praeerat
799 1696 879 1735 laxiore

68 1832 207 1868 vortreffliehen
219 1832 366 1876 Eigenlohaften.
380 1853 402 1858 —
414 1843 456 1868 oon·

68 1890 149 1925 sellarum
162 1896 251 1935 oppetere,
264 1891 310 1926 nach
320 1890 360 1926 dem
366 1890 457 1926 Konsulat

68 1949 159 1992 treantes,
171 1949 233 1985 leinen
245 1949 290 1984 Sinn
303 1949 369 1985 darauf
379 1949 456 1993 rtehten

68 2011 133 2052 petere,
146 2007 232 2043 fbrmlioh
238 2007 275 2043 fich
283 2008 347 2043 darum
355 2008 456 2043 bewerben.

69 2085 93 2091 —
104 2066 154 2100 irater
162 2076 181 2100 so
186 2076 220 2110 per
228 2075 299 2109 monus,
312 2069 365 2101 unter
377 2065 412 2101 [ioh
421 2075 457 2100 von

68 2124 124 2159 Hand
136 2135 159 2159 zu
170 2123 231 2159 Haud.

94 2182 125 2218 64.
140 2185 154 2216 1·.
168 2181 278 2225 missionem,
297 2182 406 2227 Entlalsung
424 2192 458 2218 aus

69 2241 136 2275 seinem
153 2240 327 2284 Dienttverhaltnis‚
345 2244 458 2284 coarmatus,

70 2297 146 2335 Urlaub.
163 2318 186 2324 -
201 2298 240 2333 otio
253 2299 334 2343 optando
348 2299 409 2342 bouis,
426 2310 458 2333 an·

70 2356 458 2401 dares,wasbraveMenlohenwtnfohens·

70 2419 116 2450 wert
128 2413 195 2450 finden.
208 2434 230 2439 -
243 2424 340 2458 superare,
352 2415 459 2458 intranfitiv‚

70 2473 160 2509 reiohlioh
167 2473 275 2509 vorhanden
286 2474 330 2508 lein.
338 2493 361 2499 —
369 2476 458 2517 contona-

70 2535 101 2567 tor
113 2531 191 2575 artimus,
205 2532 378 2577 Geringsohatzung.

94 2593 111 2625 2.
124 2593 227 2634 commotus,
245 2590 358 2625 uberraloht,
371 2609 394 2615 —-
407 2589 460 2634 quasi

68 2658 104 2692 per
115 2647 222 2692 amicitiam,
234 2649 267 2684 wis
281 2659 313 2683 aus
322 2647 459 2683 Freundlohaf.

72 2726 93 2732 —
106 2709 145 2740 tom
153 2716 221 2750 prono,
233 2707 251 2741 so
263 2706 382 2741 Verkehrtes.
394 2725 417 2730 -
429 2716 460 2740 so·

69 2774 105 2808 per
117 2765 214 2807 fortunam
230 2764 311 2798 animum
325 2773 396 2807 perere,
414 2764 460 2798 tiber

73 2822 176 2858 heustena
188 2822 214 2867 (in
227 2822 313 2858 walchem
325 2833 367 2857 man
380 2822 460 2866 geboren

492 1832 518 1878 in)
531 1831 675 1868 hirausltreben.
692 1850 714 1857 -
731 1831 794 1866 dobere
807 1851 829 1857 -
839 1831 880 1876 pto·

493 1900 540 1933 rere,
558 1900 579 1925 er
595 1889 650 1925 mussa
669 1890 702 1924 mit
717 1889 778 1926 [einen
795 1890 881 1925 1181111111-

492 1947 550 1983 nissen
568 1946 664 1983 zutrieden
681 1947 725 1983 sein.
744 1967 765 1973 -
777 1948 827 1992 aare,
844 1947 880 1992 rgl.

493 2009 521 2043 63.
535 2008 552 2041 6.

517 2066 534 2099 3.
547 2063 580 2098 abi
588 2064 671 2108 priunum
679 2063 772 2107 patrasset
781 2073 817 2108 per
828 2064 881 2108 neqo-

492 2122 521 2156 ta'a
530 2121 614 2166 publiea,
632 2122 695 2157 lobald
710 2133 730 2157 es
747 2122 785 2156 ihm
797 2125 882 2167 vermbge

494 2180 525 2216 des
538 2180 620 2216 Dienltes
637 2180 717 2225 moglioh
732 2179 767 2224 lei,
783 2179 846 2215 tohaltl
862 2190 882 2217 es

494 2239 526 2274 das
539 2238 628 2274 Interesse
640 2239 673 2273 des
686 2238 767 2273 Dienttes
780 2238 862 2283 gelbatte.

517 2298 534 2332 4.
547 2297 593 2331 sotis
605 2300 681 2340 mature,
697 2296 746 2332 nooh
757 2295 812 2332 frtihe
824 2307 883 2341 genug

493 2371 517 2384 =
529 2366 549 2391 er
561 2356 623 2390 konne
634 2355 683 2390 noeh
695 2355 750 2399 lange
762 2360 842 2400 warren,
854 2355 883 2390 bis

494 2413 532 2448 ihm
545 2413 574 2448 die
584 2412 697 2457 Benerbung
709 2423 740 2447 um
753 2412 785 2448 das
793 2412 883 2448 Konlulat

495 2471 573 2516 gelinge.
586 2490 609 2497 -
622 2481 668 2516 quoe
679 2481 715 2514 res,
732 2471 778 2506 aber
791 2471 837 2507 (liele
849 2466 883 2507 Be-

494 2530 595 2573 handlnng.

519 2591 535 2623 5.
548 2587 688 2631 romaltortbns,
697 2587 782 2623 Berater.
795 2606 817 2613 -
832 2598 884 2632 pras-

496 2647 546 2690 sori,
564 2646 674 2682 Intenfivnm
691 2656 726 2681 von
738 2645 825 2691 prodier,
843 2656 884 2682 vor-

496 2705 565 2749 gehen3
579 2705 678 2749 Gegenlatz
691 2715 726 2739 von
738 2704 836 2749 obstinere,
848 2715 884 2740 ron

497 2768 552 2798 etwas
571 2763 590 2797 in
609 2763 664 2797 Wort
683 2762 722 2797 und
740 2761 788 2796 That
807 2763 884 2797 zurtck·

496 2821 594 2857 11111911-
600 2821 721 2863 antoniorum,
731 2819 763 2855 der
771 2819 885 2864 Bewerbung
