1872 3089
105 91 147 132 112
393 100 410 129 o.
421 100 521 129 sunnusrr
530 89 600 129 enisu

69 227 71 230 Α
106 209 142 237 suo
154 199 217 237 verba
227 197 286 237 facit:
302 208 325 237 se
340 209 382 238 aaa
398 195 470 238 hastili
480 197 559 248 auimo,
574 197 611 239 scal
626 197 650 239 ob
666 210 755 252 capuam
770 196 883 239 taraucam

65 273 86 306 13
105 279 167 307 aricia
178 266 265 318 cepisse.
295 279 346 308 uara
356 266 474 309 Matidiae
485 270 578 319 partem,
594 268 650 310 uude
665 268 688 309 ui
702 266 833 321 Iugurtham
848 281 883 310 aa·

103 334 191 387 pulerit,
198 365 199 369 ,
207 335 255 376 iure
265 334 316 376 beili
325 349 387 377 saara
396 336 482 389 faciam,
494 350 540 378 eaui
550 337 633 378 uastari
648 351 662 378 α
669 337 745 378 Mario
753 337 802 389 pati
811 337 883 390 aequi-

66 413 88 445 14
105 404 166 448 uisse.
195 408 309 457 praeterea
328 406 403 448 occasu
430 409 495 448 autea
516 405 606 448 Romam
629 406 705 461 ieyabis
725 406 835 459 repulsura
857 406 883 449 ab

106 474 209 517 amicitia.
241 478 332 516 oebcriau
354 478 426 517 actea-a
446 476 549 526 auaritiae,
574 489 599 518 ac
617 480 672 529 baar,
687 477 708 519 ci
721 490 763 529 per
785 475 884 519 Marium

66 553 87 585 15
106 543 183 594 liceret,
200 543 280 597 legatos
295 543 324 585 ad
339 548 437 586 seriarum
452 544 575 587 missuram.
607 546 654 587 dein
665 546 722 600 eopia
737 547 791 586 facta
805 540 884 587 animus

106 615 188 655 barbari
204 616 229 654 ab
240 614 311 654 amicis
327 616 401 666 flexus,
417 629 467 668 quos
482 616 590 667 Iugurtha,
606 617 687 669 cognita
703 617 806 669 legatione
815 616 884 657 Sullae

107 690 128 723 et
142 684 206 723 Manli
221 687 315 723 metuens
331 685 352 724 id
367 686 422 737 quod
437 686 554 738 parabatur,
570 686 628 725 donis
643 689 768 738 corruperat,

64 758 101 795 103
165 753 243 793 Marius
258 753 337 795 interea
352 754 445 795 exercitu
465 755 486 795 in
505 755 642 796 hibernaculis
658 755 767 809 composito
786 768 832 796 oum
847 769 885 796 ex-

107 825 182 877 peditis
205 824 322 864 cohortibus
342 828 363 864 et
384 829 443 877 parte
464 825 568 877 equitatus
586 826 721 878 proficiscitur
739 825 760 864 in
778 826 823 864 loca
841 827 886 866 sola

107 895 214 934 obsessum
228 894 301 934 turrim
311 895 395 947 regiam,
411 908 450 947 quo
460 894 563 947 Iugurtha
573 896 671 948 perfugas
681 894 745 935 omnis
761 894 885 948 praesidium
926 930 928 932 .

77 973 89 1005 2
106 965 236 1018 imposuerat
259 967 302 1004 tum
317 978 388 1005 rursus
399 965 492 1006 Bocchus
508 979 545 1005 seu
555 966 668 1019 reputando
684 978 736 1018 quae
752 965 790 1005 sibi
806 965 886 1006 duobus
918 991 920 995 ι

107 1035 189 1087 proeliis
204 1038 305 1074 uenerant
320 1048 358 1074 seu
371 1036 486 1075 admonitus
502 1036 527 1075 ab
543 1035 588 1075 aliis
599 1036 675 1086 amicis,
691 1048 742 1088 quos
757 1035 886 1088 incorruptos

107 1104 209 1156 Iugurtha
218 1104 337 1156 reliquerat,
351 1119 379 1145 ex
394 1106 447 1145 omni
458 1105 515 1158 copia
525 1106 687 1145 necessariorum
698 1105 786 1158 quinque
803 1104 886 1157 delegit,

78 1180 89 1214 3
108 1188 194 1227 quorum
210 1177 231 1213 et
245 1174 297 1213 fides
317 1175 399 1227 cognita
418 1182 438 1214 et
457 1175 540 1227 ingenia
558 1176 691 1215 validissuma
709 1177 773 1214 erant.
803 1187 838 1214 eos
859 1175 886 1215 ad

108 1244 198 1284 Marium
218 1257 242 1284 ac
258 1244 338 1294 deinde,
354 1246 371 1284 si
386 1245 475 1297 placeat,
493 1244 580 1284 Romam
600 1246 681 1298 legatos
696 1245 726 1284 ire
740 1245 806 1293 iubet,
825 1256 888 1295 agun-

109 1315 181 1354 darum
195 1327 264 1353 rerum
275 1316 297 1353 et
307 1327 433 1366 quocumque
443 1315 503 1354 modo
514 1314 563 1354 belli
574 1315 708 1367 componundi
723 1314 826 1353 licentiam
835 1314 888 1367 ipsis

78 1390 90 1422 4
108 1384 213 1437 permittit.
244 1384 275 1423 illi
297 1387 377 1424 mature
399 1386 426 1424 ad
451 1385 535 1424 hiberna
564 1384 700 1425 Romanorum
722 1383 887 1437 proficiscuntur,

109 1455 183 1494 deinde
198 1454 220 1493 in
243 1454 317 1493 itinere
336 1467 348 1494 a
367 1453 461 1494 Gaetulis
484 1454 597 1493 latronibus
613 1453 747 1494 circumventi
766 1453 888 1506 spoliatique

108 1524 178 1577 pavidi
193 1524 237 1563 sine
253 1525 326 1563 decore
342 1525 369 1563 ad
385 1524 463 1564 Sullam
477 1524 607 1576 profugiunt,
627 1537 688 1576 quem
703 1523 774 1563 consul
788 1523 809 1561 in
825 1536 889 1576 expe-

79 1600 90 1632 5
109 1595 206 1634 ditionem
225 1593 357 1646 proficiscens
372 1607 409 1646 pro
427 1597 524 1647 praetore
539 1593 657 1645 reliquerat.
688 1606 723 1633 eos
741 1593 776 1632 ille
795 1605 835 1632 non
850 1605 887 1646 pro

108 1664 168 1704 vanis
183 1664 284 1712 hostibus,
303 1664 334 1702 uti
349 1664 417 1703 meriti
432 1669 499 1713 erant,
518 1664 556 1702 sed
571 1665 667 1703 accurate
687 1676 710 1702 ao
725 1662 838 1702 liberaliter
853 1663 888 1702 ha·

108 1734 159 1774 buit.
190 1745 230 1785 qua
244 1746 268 1771 re
283 1733 364 1773 barbari
380 1736 401 1772 et
418 1734 493 1773 famam
511 1732 611 1773 avaritiae
626 1733 763 1773 Romanorum
777 1732 850 1771 falsam
866 1735 890 1771 et

79 1809 90 1842 6
109 1804 187 1843 Sullam
203 1804 228 1841 ob
244 1802 401 1842 munificentiam
418 1804 440 1842 in
458 1816 504 1842 sese
524 1803 610 1842 amicum
624 1803 678 1842 rati.v
700 1815 747 1842 nam
766 1799 827 1840 etiam
845 1804 888 1841 tum

99 1895 126 1929 13.
138 1891 322 1936 uude—capulerit,
335 1893 463 1938 agldagegen
523 1895 540 1928 2.
557 1903 633 1937 rursus,
654 1892 772 1938 umgelrehrt,
794 1891 811 1927 d.
831 1892 843 1927 i.
863 1892 890 1927 im

74 1955 103 1989 97.
114 1956 131 1988 2.
156 1952 241 1988 Bocchus
254 1952 290 1986 uill
301 1951 337 1986 fich
350 1952 408 1987 durch
417 1951 464 1987 diele
500 1950 600 1994 Gegeulatz
613 1962 636 1985 zu
649 1951 681 1986 der
694 1953 734 1986 102.
748 1951 770 1985 15
784 1949 890 1986 erubhnten

73 2011 219 2055 Vorlpiegelung
230 2010 260 2045 bei
270 2010 304 2045 den
313 2009 395 2045 Rbmern
403 2010 464 2045 recht·
499 2008 635 2053 Umltimmung.
647 2027 670 2033 —
682 2007 758 2053 iupcuia
769 2001 891 2051 ualidissima

74 2068 463 2113 fatigem-repulsum,nbmliobscessc.
499 2068 519 2102 in
536 2066 629 2102 Gefahren
645 2077 692 2111 ganz
712 2057 891 2111 unerl'chbtterliche

73 2127 116 2173 Vgl.
128 2129 157 2165 80.
169 2116 186 2162 4'.
200 2128 216 2162 5.
499 2119 601 2163 ita-turen(

79 2177 82 2180 l
99 2188 126 2222 15.
139 2186 199 2230 capia,
208 2185 289 2221 nbmlieh
297 2185 381 2226 uzittaidi
389 2185 464 2230 leuatus.
524 2185 541 2219 3.
551 2183 628 2228 placeat,
641 2183 722 2218 namlieh
733 2181 811 2237 Maria·

75 2245 171 2289 -faaba
190 2255 202 2278 (1
214 2243 285 2279 Mam·
300 2263 323 2268 ··
337 2244 359 2295 ld
371 2243 464 2297 I‘lleP‘l·
523 2255 541 2288 4.
559 2252 598 2288 siae
617 2252 687 2296 iecore,
708 2252 758 2296 ohne
778 2250 821 2296 jede
842 2252 892 2290 Aus—

74 2304 160 2346 fflhalbl,
178 2302 214 2338 defi
226 2302 311 2337 Bacchus
328 2302 361 2338 auf
372 2302 401 2337 <fle
414 2300 464 2337 selle
499 2312 601 2357 zcichnnng
612 2310 743 2352 ihrerPerl'on
755 2309 783 2349 als
791 2308 890 2344 Gesandte.

76 2362 108 2408 (les
121 2362 189 2396 Rs'ffles
201 2372 225 2395 ΖΠ
237 2361 318 2404 bringffi
500 2370 530 2405 Sic
536 2380 596 2405 waren
603 2370 638 2406 den
645 2369 731 2404 Ritubern
737 2368 769 2410 ruit
776 2367 816 2402 dem
822 2366 892 2413 bloJleu

74 2431 173 2481 103.101.
186 2442 329 2480 Gelandtichaft
337 2442 369 2479 des
377 2433 465 2479 Bocchus
499 2428 562 2464 Lebffl
575 2429 691 2472 efllkffifflffl
704 2425 862 2471 (parafuperaubb

82 2503 110 2549 im
121 2502 227 2538 rbmilchen
238 2501 301 2544 Lager
312 2501 352 2536 und
363 2500 384 2535 in
395 2499 451 2534 Rom.
506 2500 541 2534 vv5.⁴
550 2495 586 2542 pro
602 2495 690 2533 hostibus
702 2495 776 2540 babuit,
795 2494 851 2530 nahm
866 2494 892 2530 fie

79 2559 81 2561 ’
98 2561 147 2598 103.4
160 2565 175 2597 1.
191 2561 213 2595 iu
224 2559 348 2606 hibernaculis
361 2556 464 2602 carruicsito,
499 2557 530 2592 fur
544 2585 548 2595 .
561 2583 565 2592 .
578 2583 583 2592 ,
596 2555 660 2590 —auti
671 2554 733 2597 meriti
750 2556 814 2597 ararit,
826 2552 893 2589 'durcli

75 2606 165 2656 nachdem
178 2619 210 2655 das
222 2619 273 2655 Heer
287 2619 306 2654 in
319 2619 354 2655 den
369 2617 465 2653 einzelnen
500 2616 529 2651 ihr
535 2615 667 2651 Auslehenr*
676 2612 763 2649 accurate
774 2610 846 2654 babuit,
858 2611 893 2647 be·

76 2677 255 2715 Winterltandorten
267 2674 466 2722 ordnungsgemibun-
502 2673 589 2709 handelte'
612 2671 645 2708 lie⁴
660 2671 702 2707 mit,
717 2669 892 2714 AufmcrkIamIreit,

76 2732 197 2782 tergebrucht
209 2731 252 2771 aar,
265 2754 286 2760 -
299 2734 345 2779 sala,
355 2734 396 2778 'ng
409 2735 441 2769 lt]
450 2733 466 2769 7.
502 2731 607 2776 liberaliter,
616 2727 893 2772 mitzflbllichkeitoetiuscsa

77 2816 99 2823 -
109 2794 232 2841 praesidium,
245 2794 273 2830 als
286 2791 395 2837 Balatuung.
458 2799 468 2831 “3
502 2802 525 2826 zu
537 2789 686 2834 ruuaisiceutiaui.
864 2788 890 2802 ”“
