1872 3089
257 111 286 139 nn
294 111 363 140 sunto
372 110 505 140 rncunrmno
515 110 533 140 c.
543 112 601 139 ro-so
788 100 816 142 85

38 220 93 249 nere.
116 219 164 246 nam
174 206 210 246 uhi
219 219 257 260 per
266 207 311 247 loca
321 207 415 260 aequalia
425 209 447 247 et
457 208 514 247 nuda
529 206 659 259 gignentium
673 207 748 245 ventus
764 219 819 246 coor-

39 281 72 318 tus
88 277 185 316 harenam
200 277 262 316 humo
278 277 382 328 excitavit,
398 290 423 316 ea
437 289 513 329 magna
527 276 549 316 vi
564 276 643 329 agitata
658 289 694 317 ora
709 277 819 328 oculosque

40 347 124 400 implere
144 347 207 395 solet,
227 346 258 386 ita
280 348 390 400 prospectu
413 347 509 400 impedito
535 347 609 386 morari
630 347 675 386 iter.
710 348 842 400 postquam7

40 416 170 471 Cyrenenses
186 415 289 468 aliquanto
305 416 429 470 posteriores
445 430 467 457 se
483 429 529 456 esse
544 416 617 456 vident
636 418 657 456 et
672 417 697 456 ob
715 430 760 456 rem
775 429 819 456 ccr-

39 489 119 539 ruptam
131 486 185 525 domi
192 499 269 539 poenas
276 488 376 536 metuunt,
388 486 491 526 criminari
499 484 674 538 Carthaginiensis
681 488 729 526 ante
736 488 818 539 tempus

39 558 98 596 domo
109 555 220 608 digressos,
235 557 357 595 conturbare
367 568 417 605 rem,
434 555 521 607 deniqne
535 556 601 595 omnia
616 555 677 595 malle
692 569 752 607 quam
768 556 818 596 victi

39 626 101 666 ahire.
132 626 170 665 sed
185 639 231 666 oum
246 625 310 666 Poeni
326 625 386 666 aliam
402 625 552 675 condicionem,
571 626 709 665 tantummodo
724 638 817 678 aequam,
830 630 841 664 8

39 697 143 748 peterent,
162 694 238 735 Graeci
253 695 356 748 optionem
376 694 577 746 Carthaginiensium
590 694 674 744 faciunt,
694 697 718 735 ut
731 696 767 735 vel
781 695 817 745 illi,

40 777 90 818 quos
105 764 151 804 finis
165 764 240 818 populo
261 778 297 804 suo
312 767 415 817 peterent,
434 764 462 804 ibi
477 763 520 804 viri
542 765 676 804 obruerentur
691 764 726 804 vel
746 765 819 804 eadem

41 834 157 874 condicione
180 848 227 874 sese
247 848 308 886 quem
327 835 348 874 in
369 834 436 874 locum
457 833 535 873 vellent
555 836 694 887 processuros.
724 833 841 874 Philaenis

40 903 157 944 condicione
178 905 264 956 probata
282 917 345 955 seque
362 904 468 956 vitamque
484 916 541 943 suam
557 903 587 942 rei
604 903 698 957 publicae
718 904 819 943 condona-

41 986 101 1014 vere:
121 973 151 1013 ita
165 974 209 1012 vivi
224 974 296 1013 obruti.
328 972 509 1026 Carthaginienses
524 974 546 1012 in
561 986 585 1013 eo
600 973 644 1013 loco
660 973 764 1013 Philaenis
779 974 818 1013 fra·
832 979 854 1013 10

41 1043 105 1082 tribus
115 1055 162 1082 aras
177 1056 324 1083 consecravere
340 1042 414 1095 aliique
429 1042 470 1082 illis
482 1043 536 1083 domi
544 1043 632 1083 honores
647 1042 741 1083 instituti.
764 1056 818 1083 nuno

42 1113 68 1152 ad
82 1125 127 1152 rem
141 1113 210 1152 redeo.
409 1109 412 1113 ’
609 1153 611 1171 5

99 1175 201 1234 Iugurtha
220 1185 328 1235 postquam
347 1182 422 1222 amissa
437 1182 502 1222 Thala
517 1181 567 1221 nihil
585 1181 634 1222 satis
653 1182 733 1222 firmum
749 1183 854 1222 cannaco

41 1252 148 1292 Metellum
162 1253 227 1304 putat,
243 1265 280 1305 per
290 1265 375 1304 magnas
386 1252 506 1291 solitudines
518 1265 563 1292 cum
573 1251 644 1305 paucis
659 1252 763 1305 profectus
773 1264 819 1305 pcr-

42 1322 99 1362 venio
121 1323 147 1362 ad
164 1321 271 1371 Gaetulos,
290 1314 357 1374 genus
377 1321 481 1361 hominum
501 1321 567 1361 ferum
589 1320 728 1374 incultumtpue
751 1323 773 1362 et
795 1334 818 1361 eo

42 1394 133 1445 tempore
148 1392 242 1444 ignarum
253 1392 340 1431 nominis
350 1391 442 1431 Romani.
474 1404 544 1431 eorum
553 1391 705 1430 multitudinem
720 1391 741 1430 in
756 1398 842 1431 nnum2

43 1462 97 1513 cogit
107 1474 131 1501 ac
140 1461 239 1515 paulatim
250 1461 373 1501 consuefacit
383 1460 464 1501 ordines
474 1460 557 1511 hahere,
568 1460 627 1512 signa
638 1461 701 1513 sequi,
711 1460 819 1514 imperim

41 1532 157 1580 observare,
172 1531 222 1570 item
236 1530 276 1570 alia
285 1530 380 1570 militaria
390 1531 464 1570 facere.
494 1532 603 1583 praeterea
613 1530 669 1582 regis
683 1529 759 1570 Bocchi
773 1543 819 1583 pro·
831 1537 842 1570 3

40 1614 114 1641 xumos
129 1601 209 1653 magnis
225 1602 343 1641 muneribus
358 1603 380 1640 et
393 1600 503 1641 maioribus
518 1600 624 1654 promissis
640 1601 667 1640 ad
682 1600 773 1640 studium
786 1601 819 1640 sui

41 1658 141 1724 perducit,
157 1672 202 1723 quis
218 1671 344 1711 adiutoribus
359 1683 431 1723 regem
444 1683 557 1727 aggressus
571 1670 659 1723 impellit
673 1670 703 1709 uti
718 1670 818 1710 advorsus

40 1740 143 1781 Romanos
158 1731 235 1780 bellum
249 1741 338 1794 incipiat.
368 1741 389 1780 id
405 1753 429 1780 ea
444 1741 511 1793 grah'a
529 1739 608 1780 facilius
629 1739 752 1793 proniusque
773 1741 842 1790 fuiti

42 1812 95 1863 quod
105 1811 204 1851 Bocchus
220 1811 275 1851 initio
290 1810 375 1851 huiusce
390 1810 439 1850 belli
453 1810 534 1862 legatos
548 1810 634 1850 Romam
647 1810 731 1849 miserat
745 1810 818 1850 foedus

42 1871 64 1920 et
79 1881 187 1921 amicitiam
202 1882 295 1934 petitum,
316 1894 376 1933 quam
392 1894 436 1921 rem
454 1881 654 1934 opportunissumam
667 1880 749 1933 incepto
764 1879 819 1921 bello
832 1887 842 1920 5

43 2002 65 2008 -
74 1993 110 2027 per
117 1982 157 2018 loco
169 2004 192 2009 —
204 1983 323 2028 alpientium,
333 1982 392 2018 durch
401 1983 429 2018 die
466 1982 512 2015 gem
521 1972 604 2014 elge&-
613 1969 777 2014 Q²l03fillCS-ibl‚
789 1981 813 2007 an
822 1972 855 2007 der

43 2041 96 2076 weita
112 2041 150 2076 und
165 2042 221 2077 kappe
234 2041 304 2077 Ehem,
328 2041 429 2086 fimum,
465 2029 529 2073 Stelle‚
542 2039 570 2064 wo
583 2029 607 2064 [ie
620 2028 649 2064 die
658 2029 729 2064 Grenze
741 2029 854 2074 verlangten.

43 2109 80 2134 uas
93 2110 126 2135 aus
135 2100 170 2135 den
178 2099 255 2135 Keimen
262 2099 347 2135 Pflanzen
355 2100 429 2134 herror-
466 2108 488 2113 “
501 2087 610 2130 θθῃᾶθηαγθι
623 2087 719 2131 hingem·

42 2156 111 2201 hriugt.

67 2217 82 2249 7.
94 2215 196 2259 aliquanto,
204 2226 235 2250 um
242 2216 270 2250 ein
276 2215 431 2251 Betrtchtliches.

43 2273 100 2307 —ob
115 2284 152 2309 rom
168 2277 284 2318 corruptam,
302 2273 344 2309 ueil
360 2274 383 2309 lie
402 2273 430 2309 die

44 2330 102 2367 Sache
114 2331 217 2368 verdorben
229 2332 299 2367 hatten.
315 2351 338 2357 —
354 2331 430 2367 Cartha·
489 2331 521 2367 80.
533 2333 550 2367 2,
563 2331 602 2366 alic
614 2331 709 2375 militaria,
725 2332 803 2368 anderes
816 2331 856 2367 Sol-

43 2388 138 2433 yim'cases,
152 2389 324 2435 ObJektsakkul'ativ
333 2401 357 2425 zu
369 2390 430 2425 ocimi·
466 2390 556 2425 datilches
569 2390 621 2433 rhun,
635 2390 651 2425 d.
663 2391 675 2424 i.
687 2390 735 2425 lonso
746 2390 803 2435 rhun,
818 2401 855 2426 was

43 2447 94 2483 acri.
106 2468 129 2474 —
141 2448 251 2483 coctocrbare
267 2459 313 2493 r'cm,
330 2448 360 2484 die
373 2448 431 2484 Sache
467 2459 508 2483 aum
523 2448 611 2484 Solrlaten
623 2448 694 2493 gehort.

44 2515 91 2549 ganz
102 2506 246 2551 inVerwirrung
257 2506 340 2552 bringam
352 2507 431 2543 namlich
492 2510 508 2542 3.
515 2516 623 2551 proxumos,
636 2507 666 2542 die
673 2518 697 2542 zu
704 2506 763 2543 leincr
771 2507 857 2544 nachhcn

44 2563 101 2599 durch
113 2564 185 2600 allerlci
198 2564 295 2600 Einreden.
467 2565 575 2609 Umgcbung
587 2565 722 2610 gonningen-
732 2566 813 2601 studium
821 2566 857 2612 sci,

67 2623 85 2658 8.
98 2622 225 2666 condicionem,
238 2623 360 2667 Feltletzung,
373 2614 432 2659 llber-
467 2624 502 2667 vgl.
515 2626 544 2660 31.
558 2627 580 2667 1,,
592 2624 634 2658 hier
642 2623 756 2669 Teilnahme,
768 2624 857 2661 luterellc

44 2679 164 2716 einkommen.
189 2700 212 2706 -
238 2681 329 2726 optionem
352 2681 431 2725 fochaut,
466 2681 496 2716 fur
507 2681 556 2717 scine
568 2681 637 2717 Perlcn
650 2681 687 2716 und
700 2682 765 2719 Sache.

44 2736 100 2774 latlen
113 2739 141 2775 die
153 2739 216 2784 Wahl,
228 2739 301 2783 fccdzmt
314 2739 431 2784 Cur-thcpioi-
490 2742 506 2774 4.
519 2751 541 2775 ec
553 2739 622 2785 pratia,
635 2741 706 2784 vgiot.
716 2743 732 2776 4.
742 2742 856 2785 -pronlus

45 2797 123 2841 comaco,
139 2798 162 2834 lie
175 2799 252 2834 macheu
263 2799 287 2834 fle
304 2798 339 2833 den
351 2797 431 2833 Kartha·
467 2808 503 2833 von
515 2797 618 2834 rascherem
630 2798 701 2844 Erfolg.

494 2192 526 2228 80.
538 2191 569 2227 81.
581 2190 685 2238 tugurthas
696 2190 780 2229 Bfindnis
791 2191 828 2230 mit

620 2248 704 2287 Bacchus.
