1872 3089
233 100 262 130 nu
271 100 340 130 annno
349 100 482 143 rueuurumo
492 100 509 129 e.
517 102 576 131 u-rc.
766 92 793 133 53

20 200 165 252 saevitiamque
175 189 307 241 moderatum
329 212 419 253 ,namque
434 199 501 240 edicto
509 199 600 253 primum,
611 199 728 240 adiumenta
737 198 794 251 igna-
806 207 817 240 2

19 271 65 311 riae
80 271 195 320 sustulisse,
209 284 236 311 ne
251 270 358 323 quisquam
372 270 393 310 in
408 270 480 310 castris
498 282 572 323 panem
587 271 623 309 aut
638 270 699 310 alium
715 272 810 325 coctum·

20 342 87 381 cibum
101 342 207 391 uenderet,
227 354 253 380 ne
268 341 324 380 lixae
335 341 453 380 exercitum
468 342 611 393 sequerentur,
631 354 658 380 ne
672 341 731 381 miles
748 354 794 393 gre-

19 411 89 465 garius
108 411 130 451 in
145 411 218 451 castris
233 424 286 450 neve
304 411 325 450 in
345 411 426 463 agmine
446 424 529 450 servum
550 412 585 451 aut
605 411 716 466 iumentum
734 412 795 452 hahe-

19 485 63 533 ret3
81 482 158 522 >esteris
180 484 225 521 arte
243 483 325 535 modum
342 482 444 521 statuisse.
474 489 581 534 praeterea
598 483 722 522 transvorsis
737 483 795 523 itine-

19 553 76 592 ribus
92 552 165 601 cotidie
186 555 254 592 castra
269 566 362 602 movere,
385 553 444 592 iuxta
462 565 486 592 ac
506 553 523 592 si
538 553 607 592 hostes
623 553 720 593 adessent
739 547 803 593 vallo

20 627 82 676 atque
96 610 261 672 fossavmunire,
284 622 366 674 uigilias
384 623 466 662 crebras
489 636 566 676 ponere
586 626 608 663 et
630 636 665 663 eas
685 623 730 676 ipse
748 636 794 663 oum

20 694 94 746 legatis
110 693 223 743 circumire,
242 693 290 732 item
306 693 326 732 in
342 693 459 744 agmineiu
479 693 549 746 primis
569 694 628 733 modo
647 693 742 733 modain
761 707 794 747 po·

20 764 179 816 stremissaepe
194 764 215 802 in
230 764 297 803 medio
313 764 395 812 adesse,
410 777 437 804 ne
452 764 552 817 quispiam
567 764 638 803 ordine
654 765 794 816 egrederetur,
813 801 815 805 .

20 836 43 874 ut
58 834 182 886 eumfsignis
197 834 316 886 frequentes
330 834 455 882 incederent,
470 834 529 873 miles
540 834 607 874 eibum
622 837 643 874 et
658 847 714 874 arma
728 839 795 888 porta-

20 907 58 944 ret.
88 904 251 957 itaprohibendo
267 904 370 943 adeliotis
385 904 451 956 magis
466 916 527 956 quam
542 904 665 944 uindicando
681 905 818 945 exercitum3

20 975 79 1014 brevi
94 974 226 1014 confirmarit.

78 1044 161 1084 Interea
175 1044 277 1095 Iugurtha
291 1044 326 1083 ubi
336 1056 393 1096 ⁴quae
403 1043 500 1083 Metellus
516 1044 591 1095 agebat
604 1058 631 1084 ex
646 1045 721 1084 nuntiis
738 1058 794 1085 acce·
805 1044 832 1084 46*

20 1114 55 1167 pit,
71 1114 304 1162 simuldeinnoeentia
319 1114 363 1153 eius
379 1115 453 1154 certior
463 1114 540 1153 Romae
555 1115 627 1166 faetus,
644 1114 737 1154 diffidere
752 1116 795 1154 suis

20 1185 89 1223 rebus
103 1196 126 1223 ac
147 1185 190 1223 tum
214 1184 295 1223 demum
314 1196 386 1223 reram
410 1178 534 1224 deditionem
558 1184 627 1224 tacere
649 1188 733 1225 conatus
756 1186 795 1224 est.

20 1254 83 1306 igitur
92 1254 171 1304 legatos
183 1254 210 1292 ad
225 1254 328 1293 consulem
344 1266 389 1292 oum
405 1253 509 1306 suppliciis
524 1253 591 1302 mittit,
606 1254 642 1306 qui
656 1255 794 1294 tautummodo
807 1264 819 1295 2

21 1324 60 1377 ipsi
75 1323 186 1375 liberisque
200 1323 264 1362 uitam
279 1324 382 1375 peterent,
403 1323 442 1362 alia
464 1323 530 1363 omnia
550 1324 650 1364 dederent
666 1325 740 1378 populo
755 1325 796 1365 Ro·

20 1407 85 1433 mano.
115 1394 152 1432 sed
166 1393 250 1432 hletello
265 1393 306 1432 iam
321 1396 382 1433 antea
397 1394 543 1446 experimentis
554 1394 657 1446 cognitum
670 1398 715 1435 erat
729 1410 795 1449 genus
808 1405 819 1438 3

22 1463 156 1503 Numidarum
164 1463 260 1513 infidum,
276 1463 358 1515 ingenio
373 1464 447 1513 mobili,
462 1477 561 1503 novarum
571 1478 640 1504 rerum
650 1467 732 1506 aridum
743 1481 795 1509 esse.

22 1534 91 1585 itaque
113 1534 193 1585 legatos
212 1534 273 1573 alium
292 1535 316 1573 ab
338 1533 377 1573 alio
399 1534 492 1574 divorsos
513 1536 633 1586 aggreditur
648 1549 680 1585 ac,
699 1538 820 1590 paulatimt

45 1638 62 1672 2.
75 1634 139 1678 edicto,
152 1635 210 1671 durch
219 1636 272 1670 einen
280 1635 408 1679 Tageshefehl.
444 1635 530 1679 braucht,
548 1636 600 1672 selblt
618 1638 652 1673 mit
671 1638 708 1673 [ich
726 1643 797 1684 trageu.
809 1660 832 1666 -

22 1713 45 1719 -
53 1693 140 1737 primum,
152 1693 252 1735 rorallem.
261 1713 283 1718 -
293 1693 361 1737 ceteris,
373 1684 409 1729 deu
444 1693 561 1737 uindicando,
575 1694 634 1730 durch
646 1695 726 1731 Strafeu.
735 1716 758 1722 —
767 1697 833 1740 confir·

23 1751 126 1795 Offizieren,
138 1751 163 1785 im
170 1750 271 1795 Gegentatz
280 1762 303 1786 zu
311 1751 361 1786 miles
369 1762 409 1796 pre·
443 1752 506 1793 inavit,
519 1763 539 1787 er
551 1752 644 1798 kraftigte.

22 1809 92 1854 parics.
104 1829 128 1851 ,-
136 1812 180 1852 ¹crte
191 1809 264 1851 modum
275 1809 370 1853 statuisse,
389 1821 409 1845 er

22 1867 69 1902 habe
82 1867 314 1911 dasZieljengegeletzt‚
330 1868 408 1903 namlich
467 1857 542 1892 4347·
566 1857 671 1900 1¹¹th
682 1858 805 1897 Wifflffllffilfl

22 1925 50 1960 bis
66 1936 89 1960 zu
106 1925 284 1966 welchemvfiehcb
298 1926 362 1961 Luxus
381 1937 409 1961 er·
514 1914 762 1960 Friedensauerbietungen.

22 1983 89 2019 lauben
108 1983 199 2027 durfteu„
210 2004 233 2025 ,—
249 1989 354 2028 praeterea,
372 1989 410 2020 ent·
468 1985 499 2020 46.
515 1989 531 2020 1.
551 1986 663 2029 innocentio,
678 1986 832 2034 Uneigenniitzig-

22 2041 90 2085 lpricht
103 2041 239 2086 denariatam.
264 2042 409 2078 Zuerltlohaffte
445 2043 488 2085 keit,
508 2043 694 2081 Unbeltecblichkeit.
714 2066 738 2072 —
758 2047 832 2091 Romae,

23 2110 43 2134 er
55 2100 101 2136 alles
109 2100 138 2144 ab,
145 2111 193 2144 ,uas
201 2112 234 2143 nur
240 2100 410 2146 Verweichlichung
444 2101 499 2137 sehon
511 2113 535 2136 zu
541 2102 588 2137 Rom
600 2102 652 2138 hatte
660 2113 681 2138 er
694 2104 752 2139 daven
760 2106 833 2149 gehort.

23 2158 104 2203 beitrug;
124 2158 173 2193 daim
182 2158 266 2193 ”orduete
284 2170 304 2193 er
320 2159 365 2195 alles
379 2171 408 2203 an,
445 2179 467 2184 —
480 2159 570 2203 diffidere,
582 2160 715 2206 Infinhiston,
728 2163 797 2208 erling
809 2175 833 2199 an

22 2226 59 2251 was
79 2228 117 2258 zur,
132 2216 225 2262 Starkung
243 2217 323 2262 beitrug.
347 2221 408 2267 troas·
444 2217 477 2252 das
490 2218 594 2254 Vertrauen
612 2230 636 2254 zu
656 2220 750 2255 verlieren.
771 2241 791 2247 -
811 2233 832 2257 cc

22 2275 81 2309 corsis
100 2275 204 2318 itineribus,
223 2275 257 2310 auf
274 2276 371 2311 Marscheu
389 2277 408 2311 in
444 2279 520 2310 conotus
531 2280 563 2320 cst,
577 2276 614 2312 und
622 2277 703 2323 hrengte
710 2278 746 2315 fich
755 2279 834 2315 deshalh

22 2325 191 2378 lire-un'und'q‘uer,
207 2346 231 2375 ᾗ-
250 2334 305 2369 iurato
318 2345 340 2370 cc
351 2335 373 2378 si,
385 2352 409 2364 =
445 2335 529 2370 ernltlich
542 2346 571 2370 an.

23 2391 196 2435 quasi—crebros,
209 2403 232 2428 an
245 2393 305 2428 vieleu
318 2393 409 2429 Punkten.
468 2395 484 2430 2.
498 2404 539 2428 cum
551 2394 653 2438 suppliciis,
666 2396 700 2430 mit
711 2396 779 2432 Bitten.

23 2466 45 2473 —
53 2458 93 2483 mint
105 2448 174 2494 leuatis,
181 2451 221 2491 mit
233 2451 409 2487 leinenGcnertlen.
469 2453 486 2486 3.
498 2451 573 2487 Metello
583 2453 674 2497 capullum
686 2459 732 2498 erat,
745 2456 785 2491 dem
793 2457 832 2492 Me·

22 2505 74 2543 Auch
97 2508 144 2544 diese
165 2508 240 2555 ¹rnujtten
260 2520 284 2544 an
304 2510 409 2554 punktliche
445 2509 500 2545 tellus
513 2521 551 2546 war
568 2522 601 2546 zur
614 2512 688 2557 Georgo
703 2514 786 2550 bekannt
801 2526 832 2559 ge·

25 2564 165 2611 Dienltfhbruug
184 2568 269 2611 gewdhnt
289 2569 368 2604 werden.
389 2588 409 2594 —
445 2568 572 2612 corruentem
581 2574 641 2614 antec,
653 2583 686 2607 vor
695 2572 832 2619 denAntrbgen

23 2621 237 2668 circumitadieltunde
248 2627 361 2661 machan-
369 2637 409 2661 cam
445 2625 477 2661 des
489 2627 582 2671 Iugurtha.
595 2649 617 2654 -
629 2630 760 2675 asperimontis,
774 2633 833 2671 durch

22 2679 80 2725 siparis
92 2682 199 2737 frequentes,
212 2684 325 2728 geschloslen
336 2684 409 2720 beiden
445 2683 582 2730 Erfahrung'en
599 2687 628 2723 die
640 2699 660 2723 er
671 2689 701 2724 bei
712 2690 773 2727 [einen
786 2692 832 2738 Ope·

23 2738 108 2776 Zcichen.
129 2741 330 2789 *scibiimetormu
353 2743 409 2778 Jeder
444 2744 528 2778 rationen
540 2746 625 2788 gemacht
638 2747 694 2782 hatte.
775 2781 777 2784 .

23 2794 141 2844 Soldatloll,
151 2810 191 2840 cras
208 2811 228 2836 er
240 2800 329 2837 furseius
341 2801 409 2836 Person
467 2803 484 2836 4.
498 2801 554 2836 oliam
566 2802 588 2837 ab
601 2803 638 2839 alic
650 2805 739 2850 divorsos,
752 2819 788 2844 von
796 2809 832 2845 ein·
856 2804 859 2814 '
