<?xml version="1.0" encoding="UTF-8"?>
<!DOCTYPE html PUBLIC "-//W3C//DTD XHTML 1.0 Transitional//EN"
    "http://www.w3.org/TR/xhtml1/DTD/xhtml1-transitional.dtd">
<html xmlns="http://www.w3.org/1999/xhtml" xml:lang="en" lang="en">
 <head>
  <title>
</title>
<meta http-equiv="Content-Type" content="text/html;charset=utf-8" />
  <meta name='ocr-system' content='tesseract 3.04.00' />
  <meta name='ocr-capabilities' content='ocr_page ocr_carea ocr_par ocr_line ocrx_word'/>
</head>
<body>
  <div class='ocr_page' id='page_1' title='image "MN40038ucmf_3_0189.png"; bbox 0 0 1872 3089; ppageno 0'>
   <div class='ocr_carea' id='block_1_1' title="bbox 261 106 827 148">
    <p class='ocr_par' dir='ltr' id='par_1_1' title="bbox 261 106 827 148">
     <span class='ocr_line' id='line_1_1' title="bbox 261 106 827 148; baseline 0.012 -7"><span class='ocrx_word' id='word_1_1' title='bbox 261 112 291 141; x_wconf 82' lang='lat' dir='ltr'>on</span> <span class='ocrx_word' id='word_1_2' title='bbox 300 111 369 142; x_wconf 70' lang='lat' dir='ltr'>succo</span> <span class='ocrx_word' id='word_1_3' title='bbox 379 111 512 142; x_wconf 79' lang='lat' dir='ltr'>ruousrnmo</span> <span class='ocrx_word' id='word_1_4' title='bbox 522 112 539 142; x_wconf 83' lang='lat' dir='ltr'>o</span> <span class='ocrx_word' id='word_1_5' title='bbox 548 114 607 142; x_wconf 71' lang='lat' dir='ltr'>ss-or.</span> <span class='ocrx_word' id='word_1_6' title='bbox 786 106 827 148; x_wconf 85' lang='lat'>105</span> 
     </span>
    </p>
   </div>
   <div class='ocr_carea' id='block_1_2' title="bbox 5 207 864 1949">
    <p class='ocr_par' dir='ltr' id='par_1_2' title="bbox 5 207 864 1949">
     <span class='ocr_line' id='line_1_2' title="bbox 47 207 864 268; baseline 0.004 -19"><span class='ocrx_word' id='word_1_7' title='bbox 47 246 48 249; x_wconf 73' lang='grc'>,</span> <span class='ocrx_word' id='word_1_8' title='bbox 75 265 78 268; x_wconf 24' lang='lat'><em>¹</em></span> <span class='ocrx_word' id='word_1_9' title='bbox 98 207 138 252; x_wconf 64' lang='lat' dir='ltr'>,At</span> <span class='ocrx_word' id='word_1_10' title='bbox 147 209 255 263; x_wconf 78' lang='lat' dir='ltr'>Iugurtha,</span> <span class='ocrx_word' id='word_1_11' title='bbox 270 211 378 264; x_wconf 75' lang='lat' dir='ltr'><strong>postquam</strong></span> <span class='ocrx_word' id='word_1_12' title='bbox 389 210 483 264; x_wconf 89' lang='lat' dir='ltr'>oppidum</span> <span class='ocrx_word' id='word_1_13' title='bbox 495 209 582 265; x_wconf 80' lang='lat' dir='ltr'>Capsam</span> <span class='ocrx_word' id='word_1_14' title='bbox 596 211 689 265; x_wconf 83' lang='lat' dir='ltr'>aliosque</span> <span class='ocrx_word' id='word_1_15' title='bbox 699 211 754 253; x_wconf 84' lang='lat' dir='ltr'>locos</span> <span class='ocrx_word' id='word_1_16' title='bbox 764 212 829 252; x_wconf 88' lang='lat' dir='ltr'>muni·</span> <span class='ocrx_word' id='word_1_17' title='bbox 840 209 864 252; x_wconf 72' lang='lat'>97</span> 
     </span>
     <span class='ocr_line' id='line_1_3' title="bbox 46 280 829 335; baseline 0.001 -14"><span class='ocrx_word' id='word_1_18' title='bbox 46 284 81 325; x_wconf 81' lang='lat' dir='ltr'>:tos</span> <span class='ocrx_word' id='word_1_19' title='bbox 92 283 114 320; x_wconf 90' lang='lat' dir='ltr'>et</span> <span class='ocrx_word' id='word_1_20' title='bbox 124 280 162 321; x_wconf 88' lang='lat' dir='ltr'>sibi</span> <span class='ocrx_word' id='word_1_21' title='bbox 172 280 234 331; x_wconf 82' lang='lat' dir='ltr'>utilis,</span> <span class='ocrx_word' id='word_1_22' title='bbox 250 280 311 320; x_wconf 78' lang='lat' dir='ltr'>simui</span> <span class='ocrx_word' id='word_1_23' title='bbox 321 282 342 320; x_wconf 89' lang='lat' dir='ltr'>et</span> <span class='ocrx_word' id='word_1_24' title='bbox 351 294 448 333; x_wconf 79' lang='lat' dir='ltr'>magnam</span> <span class='ocrx_word' id='word_1_25' title='bbox 457 281 565 335; x_wconf 83' lang='lat' dir='ltr'>pecuniam</span> <span class='ocrx_word' id='word_1_26' title='bbox 575 282 678 332; x_wconf 82' lang='lat' dir='ltr'>amiserat,</span> <span class='ocrx_word' id='word_1_27' title='bbox 689 283 716 322; x_wconf 84' lang='lat' dir='ltr'>ad</span> <span class='ocrx_word' id='word_1_28' title='bbox 726 282 829 323; x_wconf 85' lang='lat' dir='ltr'>Bocchum</span> 
     </span>
     <span class='ocr_line' id='line_1_4' title="bbox 50 350 830 406; baseline 0.005 -17"><span class='ocrx_word' id='word_1_29' title='bbox 50 350 132 389; x_wconf 83' lang='lat' dir='ltr'>nuntios</span> <span class='ocrx_word' id='word_1_30' title='bbox 157 351 221 400; x_wconf 80' lang='lat' dir='ltr'><strong>misit,</strong></span> <span class='ocrx_word' id='word_1_31' title='bbox 244 362 306 402; x_wconf 88' lang='lat' dir='ltr'>quam</span> <span class='ocrx_word' id='word_1_32' title='bbox 328 351 416 405; x_wconf 87' lang='lat' dir='ltr'>primum</span> <span class='ocrx_word' id='word_1_33' title='bbox 439 351 460 390; x_wconf 87' lang='lat' dir='ltr'>in</span> <span class='ocrx_word' id='word_1_34' title='bbox 477 351 595 391; x_wconf 81' lang='lat' dir='ltr'>Numidiam</span> <span class='ocrx_word' id='word_1_35' title='bbox 618 353 687 406; x_wconf 87' lang='lat' dir='ltr'>copias</span> <span class='ocrx_word' id='word_1_36' title='bbox 711 353 830 402; x_wconf 83' lang='lat' dir='ltr'>adduceret,</span> 
     </span>
     <span class='ocr_line' id='line_1_5' title="bbox 48 420 853 477; baseline 0.002 -16"><span class='ocrx_word' id='word_1_37' title='bbox 48 420 116 473; x_wconf 69' lang='lat' dir='ltr'>vproeli</span> <span class='ocrx_word' id='word_1_38' title='bbox 130 421 221 461; x_wconf 82' lang='lat' dir='ltr'>faciundi</span> <span class='ocrx_word' id='word_1_39' title='bbox 236 422 316 474; x_wconf 89' lang='lat' dir='ltr'>tempus</span> <span class='ocrx_word' id='word_1_40' title='bbox 327 422 406 462; x_wconf 81' lang='lat' dir='ltr'>adesse.</span> <span class='ocrx_word' id='word_1_41' title='bbox 432 434 493 474; x_wconf 86' lang='lat' dir='ltr'>quem</span> <span class='ocrx_word' id='word_1_42' title='bbox 503 421 538 462; x_wconf 88' lang='lat' dir='ltr'>ubi</span> <span class='ocrx_word' id='word_1_43' title='bbox 553 422 644 463; x_wconf 86' lang='lat' dir='ltr'>cunctari</span> <span class='ocrx_word' id='word_1_44' title='bbox 663 423 742 477; x_wconf 79' lang='lat' dir='ltr'>accepit</span> <span class='ocrx_word' id='word_1_45' title='bbox 758 426 779 463; x_wconf 93' lang='lat' dir='ltr'>et</span> <span class='ocrx_word' id='word_1_46' title='bbox 795 424 853 463; x_wconf 72' lang='lat' dir='ltr'>ctu-2</span> 
     </span>
     <span class='ocr_line' id='line_1_6' title="bbox 50 489 830 546; baseline 0.004 -17"><span class='ocrx_word' id='word_1_47' title='bbox 50 489 105 530; x_wconf 91' lang='lat' dir='ltr'>bium</span> <span class='ocrx_word' id='word_1_48' title='bbox 125 491 174 530; x_wconf 87' lang='lat' dir='ltr'>belli</span> <span class='ocrx_word' id='word_1_49' title='bbox 189 493 251 543; x_wconf 84' lang='lat' dir='ltr'>atque</span> <span class='ocrx_word' id='word_1_50' title='bbox 265 491 322 544; x_wconf 82' lang='lat' dir='ltr'>pacis</span> <span class='ocrx_word' id='word_1_51' title='bbox 337 492 427 532; x_wconf 83' lang='lat' dir='ltr'>rationes</span> <span class='ocrx_word' id='word_1_52' title='bbox 442 491 530 542; x_wconf 66' lang='lat' dir='ltr'>trahere,</span> <span class='ocrx_word' id='word_1_53' title='bbox 545 505 617 532; x_wconf 85' lang='lat' dir='ltr'>rursus</span> <span class='ocrx_word' id='word_1_54' title='bbox 632 493 662 532; x_wconf 92' lang='lat' dir='ltr'>uti</span> <span class='ocrx_word' id='word_1_55' title='bbox 677 494 739 533; x_wconf 83' lang='lat' dir='ltr'>antea</span> <span class='ocrx_word' id='word_1_56' title='bbox 754 505 830 546; x_wconf 83' lang='lat' dir='ltr'>proxu-</span> 
     </span>
     <span class='ocr_line' id='line_1_7' title="bbox 50 560 830 616; baseline 0 -13"><span class='ocrx_word' id='word_1_57' title='bbox 50 572 94 603; x_wconf 81' lang='lat' dir='ltr'>mos</span> <span class='ocrx_word' id='word_1_58' title='bbox 105 560 148 600; x_wconf 90' lang='lat' dir='ltr'>eius</span> <span class='ocrx_word' id='word_1_59' title='bbox 160 560 218 601; x_wconf 84' lang='lat' dir='ltr'>donis</span> <span class='ocrx_word' id='word_1_60' title='bbox 228 561 324 615; x_wconf 85' lang='lat' dir='ltr'>corrupit,</span> <span class='ocrx_word' id='word_1_61' title='bbox 339 561 419 615; x_wconf 84' lang='lat' dir='ltr'>ipsique</span> <span class='ocrx_word' id='word_1_62' title='bbox 431 561 504 601; x_wconf 85' lang='lat' dir='ltr'>Mauro</span> <span class='ocrx_word' id='word_1_63' title='bbox 514 561 622 614; x_wconf 83' lang='lat' dir='ltr'>pollicetur</span> <span class='ocrx_word' id='word_1_64' title='bbox 632 561 741 603; x_wconf 80' lang='lat' dir='ltr'>Numidiae</span> <span class='ocrx_word' id='word_1_65' title='bbox 750 567 830 616; x_wconf 82' lang='lat' dir='ltr'>partem</span> 
     </span>
     <span class='ocr_line' id='line_1_8' title="bbox 50 630 829 685; baseline 0.005 -16"><span class='ocrx_word' id='word_1_66' title='bbox 50 630 141 681; x_wconf 77' lang='lat' dir='ltr'>tertiam,</span> <span class='ocrx_word' id='word_1_67' title='bbox 165 631 183 670; x_wconf 87' lang='lat' dir='ltr'>si</span> <span class='ocrx_word' id='word_1_68' title='bbox 204 634 240 671; x_wconf 83' lang='lat' dir='ltr'>aut</span> <span class='ocrx_word' id='word_1_69' title='bbox 254 632 342 672; x_wconf 82' lang='lat' dir='ltr'>Romani</span> <span class='ocrx_word' id='word_1_70' title='bbox 356 632 427 672; x_wconf 82' lang='lat' dir='ltr'>Africa</span> <span class='ocrx_word' id='word_1_71' title='bbox 447 632 530 685; x_wconf 79' lang='lat' dir='ltr'>expulsi</span> <span class='ocrx_word' id='word_1_72' title='bbox 545 635 580 672; x_wconf 87' lang='lat' dir='ltr'>aut</span> <span class='ocrx_word' id='word_1_73' title='bbox 595 632 681 684; x_wconf 77' lang='lat' dir='ltr'>integris</span> <span class='ocrx_word' id='word_1_74' title='bbox 697 633 740 672; x_wconf 86' lang='lat' dir='ltr'>suis</span> <span class='ocrx_word' id='word_1_75' title='bbox 755 633 829 673; x_wconf 87' lang='lat' dir='ltr'>finibus</span> 
     </span>
     <span class='ocr_line' id='line_1_9' title="bbox 51 700 853 755; baseline 0.002 -17"><span class='ocrx_word' id='word_1_76' title='bbox 51 700 127 739; x_wconf 85' lang='lat' dir='ltr'>bellum</span> <span class='ocrx_word' id='word_1_77' title='bbox 139 701 271 754; x_wconf 86' lang='lat' dir='ltr'>compositum</span> <span class='ocrx_word' id='word_1_78' title='bbox 281 702 338 742; x_wconf 82' lang='lat' dir='ltr'>foret.</span> <span class='ocrx_word' id='word_1_79' title='bbox 363 715 386 742; x_wconf 88' lang='lat' dir='ltr'>eo</span> <span class='ocrx_word' id='word_1_80' title='bbox 397 702 487 755; x_wconf 84' lang='lat' dir='ltr'>praemio</span> <span class='ocrx_word' id='word_1_81' title='bbox 503 701 584 741; x_wconf 89' lang='lat' dir='ltr'>illectus</span> <span class='ocrx_word' id='word_1_82' title='bbox 595 701 687 741; x_wconf 89' lang='lat' dir='ltr'>Bocchus</span> <span class='ocrx_word' id='word_1_83' title='bbox 699 715 744 742; x_wconf 89' lang='lat' dir='ltr'>cum</span> <span class='ocrx_word' id='word_1_84' title='bbox 755 715 829 755; x_wconf 81' lang='lat' dir='ltr'>magna</span> <span class='ocrx_word' id='word_1_85' title='bbox 842 707 853 740; x_wconf 84' lang='lat'><strong>3</strong></span> 
     </span>
     <span class='ocr_line' id='line_1_10' title="bbox 49 770 829 824; baseline 0.005 -14"><span class='ocrx_word' id='word_1_86' title='bbox 49 770 181 812; x_wconf 79' lang='lat' dir='ltr'>multitudine</span> <span class='ocrx_word' id='word_1_87' title='bbox 196 771 318 824; x_wconf 81' lang='lat' dir='ltr'>Iugurtham</span> <span class='ocrx_word' id='word_1_88' title='bbox 334 774 418 814; x_wconf 86' lang='lat' dir='ltr'>accedit.</span> <span class='ocrx_word' id='word_1_89' title='bbox 448 773 478 813; x_wconf 85' lang='lat' dir='ltr'>ita</span> <span class='ocrx_word' id='word_1_90' title='bbox 493 773 598 813; x_wconf 86' lang='lat' dir='ltr'>amborum</span> <span class='ocrx_word' id='word_1_91' title='bbox 614 773 708 813; x_wconf 81' lang='lat' dir='ltr'>exercitu</span> <span class='ocrx_word' id='word_1_92' title='bbox 723 774 829 814; x_wconf 86' lang='lat' dir='ltr'>coniuncto</span> 
     </span>
     <span class='ocr_line' id='line_1_11' title="bbox 50 833 830 897; baseline 0.004 -17"><span class='ocrx_word' id='word_1_93' title='bbox 50 833 138 881; x_wconf 82' lang='lat' dir='ltr'>Marium</span> <span class='ocrx_word' id='word_1_94' title='bbox 153 842 193 882; x_wconf 88' lang='lat' dir='ltr'>iam</span> <span class='ocrx_word' id='word_1_95' title='bbox 209 843 230 882; x_wconf 89' lang='lat' dir='ltr'>iu</span> <span class='ocrx_word' id='word_1_96' title='bbox 245 843 330 883; x_wconf 84' lang='lat' dir='ltr'>hiberna</span> <span class='ocrx_word' id='word_1_97' title='bbox 340 844 503 897; x_wconf 85' lang='lat' dir='ltr'>proficiscentem</span> <span class='ocrx_word' id='word_1_98' title='bbox 510 843 548 883; x_wconf 83' lang='lat' dir='ltr'>vix</span> <span class='ocrx_word' id='word_1_99' title='bbox 563 843 650 883; x_wconf 85' lang='lat' dir='ltr'>decuma</span> <span class='ocrx_word' id='word_1_100' title='bbox 664 845 724 897; x_wconf 87' lang='lat' dir='ltr'>parte</span> <span class='ocrx_word' id='word_1_101' title='bbox 740 843 773 883; x_wconf 87' lang='lat' dir='ltr'>die</span> <span class='ocrx_word' id='word_1_102' title='bbox 782 844 830 884; x_wconf 76' lang='lat' dir='ltr'>rehi-</span> 
     </span>
     <span class='ocr_line' id='line_1_12' title="bbox 51 910 830 967; baseline 0.003 -15"><span class='ocrx_word' id='word_1_103' title='bbox 51 925 91 965; x_wconf 88' lang='lat' dir='ltr'>qua</span> <span class='ocrx_word' id='word_1_104' title='bbox 105 913 210 963; x_wconf 78' lang='lat' dir='ltr'>invadunt,</span> <span class='ocrx_word' id='word_1_105' title='bbox 225 913 265 954; x_wconf 91' lang='lat' dir='ltr'>rati</span> <span class='ocrx_word' id='word_1_106' title='bbox 279 916 365 964; x_wconf 85' lang='lat' dir='ltr'>noctem,</span> <span class='ocrx_word' id='word_1_107' title='bbox 381 927 434 967; x_wconf 85' lang='lat' dir='ltr'>quac</span> <span class='ocrx_word' id='word_1_108' title='bbox 449 914 490 954; x_wconf 84' lang='lat' dir='ltr'>iam</span> <span class='ocrx_word' id='word_1_109' title='bbox 506 915 584 963; x_wconf 86' lang='lat' dir='ltr'>aderat,</span> <span class='ocrx_word' id='word_1_110' title='bbox 600 910 621 953; x_wconf 86' lang='lat' dir='ltr'>et</span> <span class='ocrx_word' id='word_1_111' title='bbox 635 914 696 954; x_wconf 81' lang='lat' dir='ltr'>victis</span> <span class='ocrx_word' id='word_1_112' title='bbox 712 914 751 953; x_wconf 89' lang='lat' dir='ltr'>sibi</span> <span class='ocrx_word' id='word_1_113' title='bbox 766 915 830 954; x_wconf 88' lang='lat' dir='ltr'>muni-</span> 
     </span>
     <span class='ocr_line' id='line_1_13' title="bbox 50 983 830 1037; baseline 0.001 -14"><span class='ocrx_word' id='word_1_114' title='bbox 50 985 118 1023; x_wconf 88' lang='lat' dir='ltr'>mento</span> <span class='ocrx_word' id='word_1_115' title='bbox 137 984 181 1024; x_wconf 76' lang='lat' dir='ltr'>fore</span> <span class='ocrx_word' id='word_1_116' title='bbox 200 986 230 1033; x_wconf 90' lang='lat' dir='ltr'>et,</span> <span class='ocrx_word' id='word_1_117' title='bbox 250 985 268 1024; x_wconf 91' lang='lat' dir='ltr'>si</span> <span class='ocrx_word' id='word_1_118' title='bbox 285 985 395 1034; x_wconf 83' lang='lat' dir='ltr'>vicissent,</span> <span class='ocrx_word' id='word_1_119' title='bbox 417 984 473 1024; x_wconf 83' lang='lat' dir='ltr'>nulio</span> <span class='ocrx_word' id='word_1_120' title='bbox 492 983 646 1037; x_wconf 87' lang='lat' dir='ltr'>impedimento,</span> <span class='ocrx_word' id='word_1_121' title='bbox 669 983 716 1036; x_wconf 86' lang='lat' dir='ltr'>quia</span> <span class='ocrx_word' id='word_1_122' title='bbox 739 983 830 1025; x_wconf 87' lang='lat' dir='ltr'>locorum</span> 
     </span>
     <span class='ocr_line' id='line_1_14' title="bbox 51 1046 830 1107; baseline 0.001 -15"><span class='ocrx_word' id='word_1_123' title='bbox 51 1053 139 1093; x_wconf 83' lang='lat' dir='ltr'>scientes</span> <span class='ocrx_word' id='word_1_124' title='bbox 150 1056 214 1105; x_wconf 87' lang='lat' dir='ltr'>erant,</span> <span class='ocrx_word' id='word_1_125' title='bbox 226 1056 296 1094; x_wconf 85' lang='lat' dir='ltr'>contra</span> <span class='ocrx_word' id='word_1_126' title='bbox 306 1053 404 1094; x_wconf 85' lang='lat' dir='ltr'>Romanis</span> <span class='ocrx_word' id='word_1_127' title='bbox 414 1057 524 1107; x_wconf 87' lang='lat' dir='ltr'>utrumque</span> <span class='ocrx_word' id='word_1_128' title='bbox 540 1046 610 1093; x_wconf 83' lang='lat' dir='ltr'>casum</span> <span class='ocrx_word' id='word_1_129' title='bbox 621 1054 643 1093; x_wconf 84' lang='lat' dir='ltr'>in</span> <span class='ocrx_word' id='word_1_130' title='bbox 657 1053 749 1093; x_wconf 84' lang='lat' dir='ltr'>tenebris</span> <span class='ocrx_word' id='word_1_131' title='bbox 760 1053 830 1094; x_wconf 79' lang='lat' dir='ltr'>diffici-</span> 
     </span>
     <span class='ocr_line' id='line_1_15' title="bbox 50 1120 855 1177; baseline -0.001 -14"><span class='ocrx_word' id='word_1_132' title='bbox 50 1123 121 1164; x_wconf 79' lang='lat' dir='ltr'>liorem</span> <span class='ocrx_word' id='word_1_133' title='bbox 132 1123 182 1166; x_wconf 88' lang='lat' dir='ltr'>fore.</span> <span class='ocrx_word' id='word_1_134' title='bbox 213 1124 276 1177; x_wconf 81' lang='lat' dir='ltr'>igitur</span> <span class='ocrx_word' id='word_1_135' title='bbox 291 1124 351 1164; x_wconf 87' lang='lat' dir='ltr'>simui</span> <span class='ocrx_word' id='word_1_136' title='bbox 366 1125 436 1165; x_wconf 86' lang='lat' dir='ltr'>consul</span> <span class='ocrx_word' id='word_1_137' title='bbox 452 1137 480 1164; x_wconf 81' lang='lat' dir='ltr'>ex</span> <span class='ocrx_word' id='word_1_138' title='bbox 494 1124 564 1164; x_wconf 87' lang='lat' dir='ltr'>multis</span> <span class='ocrx_word' id='word_1_139' title='bbox 581 1120 716 1164; x_wconf 39' lang='lat' dir='ltr'>devhostiunr</span> <span class='ocrx_word' id='word_1_140' title='bbox 738 1124 855 1164; x_wconf 75' lang='lat' dir='ltr'>adventur</span> 
     </span>
     <span class='ocr_line' id='line_1_16' title="bbox 51 1194 830 1249; baseline -0.001 -15"><span class='ocrx_word' id='word_1_141' title='bbox 51 1195 148 1248; x_wconf 80' lang='lat' dir='ltr'>cognouit</span> <span class='ocrx_word' id='word_1_142' title='bbox 170 1196 192 1235; x_wconf 91' lang='lat' dir='ltr'>et</span> <span class='ocrx_word' id='word_1_143' title='bbox 206 1195 245 1249; x_wconf 87' lang='lat' dir='ltr'>ipsi</span> <span class='ocrx_word' id='word_1_144' title='bbox 260 1195 329 1235; x_wconf 89' lang='lat' dir='ltr'>hostes</span> <span class='ocrx_word' id='word_1_145' title='bbox 345 1195 431 1234; x_wconf 84' lang='lat' dir='ltr'>aderant</span> <span class='ocrx_word' id='word_1_146' title='bbox 450 1197 471 1234; x_wconf 85' lang='lat' dir='ltr'>et</span> <span class='ocrx_word' id='word_1_147' title='bbox 489 1195 608 1247; x_wconf 79' lang='lat' dir='ltr'>priusquam</span> <span class='ocrx_word' id='word_1_148' title='bbox 628 1195 732 1234; x_wconf 86' lang='lat' dir='ltr'>exercitus</span> <span class='ocrx_word' id='word_1_149' title='bbox 751 1194 830 1233; x_wconf 84' lang='lat' dir='ltr'>autin·</span> 
     </span>
     <span class='ocr_line' id='line_1_17' title="bbox 52 1263 831 1317; baseline -0.001 -13"><span class='ocrx_word' id='word_1_150' title='bbox 52 1265 104 1304; x_wconf 84' lang='lat' dir='ltr'>strui</span> <span class='ocrx_word' id='word_1_151' title='bbox 127 1266 162 1305; x_wconf 85' lang='lat' dir='ltr'>aut</span> <span class='ocrx_word' id='word_1_152' title='bbox 180 1264 270 1309; x_wconf 77' lang='lat' dir='ltr'>sarcinas</span> <span class='ocrx_word' id='word_1_153' title='bbox 285 1265 390 1316; x_wconf 81' lang='lat' dir='ltr'>cohigere,</span> <span class='ocrx_word' id='word_1_154' title='bbox 407 1264 494 1317; x_wconf 89' lang='lat' dir='ltr'>denique</span> <span class='ocrx_word' id='word_1_155' title='bbox 510 1266 620 1316; x_wconf 84' lang='lat' dir='ltr'>antequam</span> <span class='ocrx_word' id='word_1_156' title='bbox 639 1264 720 1316; x_wconf 80' lang='lat' dir='ltr'>signum</span> <span class='ocrx_word' id='word_1_157' title='bbox 732 1266 776 1304; x_wconf 77' lang='lat' dir='ltr'>aut</span> <span class='ocrx_word' id='word_1_158' title='bbox 795 1263 831 1303; x_wconf 85' lang='lat' dir='ltr'>im-</span> 
     </span>
     <span class='ocr_line' id='line_1_18' title="bbox 51 1333 832 1388; baseline -0.001 -14"><span class='ocrx_word' id='word_1_159' title='bbox 51 1334 130 1388; x_wconf 75' lang='lat' dir='ltr'>perium</span> <span class='ocrx_word' id='word_1_160' title='bbox 145 1334 210 1374; x_wconf 89' lang='lat' dir='ltr'>ullum</span> <span class='ocrx_word' id='word_1_161' title='bbox 225 1335 318 1388; x_wconf 85' lang='lat' dir='ltr'>accipere</span> <span class='ocrx_word' id='word_1_162' title='bbox 334 1334 405 1387; x_wconf 82' lang='lat' dir='ltr'>quivit,</span> <span class='ocrx_word' id='word_1_163' title='bbox 421 1335 500 1387; x_wconf 88' lang='lat' dir='ltr'>equites</span> <span class='ocrx_word' id='word_1_164' title='bbox 516 1333 585 1374; x_wconf 81' lang='lat' dir='ltr'>Mauri</span> <span class='ocrx_word' id='word_1_165' title='bbox 599 1336 661 1387; x_wconf 84' lang='lat' dir='ltr'>atque</span> <span class='ocrx_word' id='word_1_166' title='bbox 677 1333 771 1384; x_wconf 75' lang='lat' dir='ltr'>Gaetuli,</span> <span class='ocrx_word' id='word_1_167' title='bbox 790 1347 832 1373; x_wconf 89' lang='lat' dir='ltr'>non</span> 
     </span>
     <span class='ocr_line' id='line_1_19' title="bbox 51 1404 831 1457; baseline -0.001 -13"><span class='ocrx_word' id='word_1_168' title='bbox 51 1405 95 1444; x_wconf 85' lang='lat' dir='ltr'>acie</span> <span class='ocrx_word' id='word_1_169' title='bbox 111 1417 177 1456; x_wconf 85' lang='lat' dir='ltr'>neque</span> <span class='ocrx_word' id='word_1_170' title='bbox 198 1405 239 1444; x_wconf 83' lang='lat' dir='ltr'>ullo</span> <span class='ocrx_word' id='word_1_171' title='bbox 260 1417 317 1444; x_wconf 91' lang='lat' dir='ltr'>more</span> <span class='ocrx_word' id='word_1_172' title='bbox 334 1404 400 1457; x_wconf 75' lang='lat' dir='ltr'>proeli</span> <span class='ocrx_word' id='word_1_173' title='bbox 421 1404 460 1444; x_wconf 89' lang='lat' dir='ltr'>sed</span> <span class='ocrx_word' id='word_1_174' title='bbox 478 1404 608 1454; x_wconf 79' lang='lat' dir='ltr'>cateruatim,</span> <span class='ocrx_word' id='word_1_175' title='bbox 627 1404 658 1444; x_wconf 89' lang='lat' dir='ltr'>uti</span> <span class='ocrx_word' id='word_1_176' title='bbox 677 1417 769 1456; x_wconf 83' lang='lat' dir='ltr'>quosque</span> <span class='ocrx_word' id='word_1_177' title='bbox 788 1404 831 1444; x_wconf 81' lang='lat' dir='ltr'>fors</span> 
     </span>
     <span class='ocr_line' id='line_1_20' title="bbox 52 1473 854 1527; baseline -0.002 -12"><span class='ocrx_word' id='word_1_178' title='bbox 52 1475 220 1527; x_wconf 78' lang='lat' dir='ltr'>conglobaverat,</span> <span class='ocrx_word' id='word_1_179' title='bbox 239 1475 261 1514; x_wconf 91' lang='lat' dir='ltr'>in</span> <span class='ocrx_word' id='word_1_180' title='bbox 278 1477 359 1515; x_wconf 84' lang='lat' dir='ltr'>nostros</span> <span class='ocrx_word' id='word_1_181' title='bbox 379 1473 492 1514; x_wconf 87' lang='lat' dir='ltr'>incurrunt.</span> <span class='ocrx_word' id='word_1_182' title='bbox 523 1475 558 1526; x_wconf 90' lang='lat' dir='ltr'>qni</span> <span class='ocrx_word' id='word_1_183' title='bbox 579 1487 648 1515; x_wconf 90' lang='lat' dir='ltr'>omnes</span> <span class='ocrx_word' id='word_1_184' title='bbox 663 1474 740 1527; x_wconf 84' lang='lat' dir='ltr'>trepidi</span> <span class='ocrx_word' id='word_1_185' title='bbox 757 1474 854 1527; x_wconf 77' lang='lat' dir='ltr'>impro-5</span> 
     </span>
     <span class='ocr_line' id='line_1_21' title="bbox 53 1538 833 1597; baseline -0.001 -13"><span class='ocrx_word' id='word_1_186' title='bbox 53 1544 97 1584; x_wconf 83' lang='lat' dir='ltr'>viso</span> <span class='ocrx_word' id='word_1_187' title='bbox 113 1538 169 1584; x_wconf 87' lang='lat' dir='ltr'>metu</span> <span class='ocrx_word' id='word_1_188' title='bbox 190 1557 214 1585; x_wconf 87' lang='lat' dir='ltr'>ac</span> <span class='ocrx_word' id='word_1_189' title='bbox 233 1546 301 1585; x_wconf 88' lang='lat' dir='ltr'>tamen</span> <span class='ocrx_word' id='word_1_190' title='bbox 319 1544 402 1584; x_wconf 83' lang='lat' dir='ltr'>virtutis</span> <span class='ocrx_word' id='word_1_191' title='bbox 420 1557 521 1585; x_wconf 85' lang='lat' dir='ltr'>memores</span> <span class='ocrx_word' id='word_1_192' title='bbox 542 1546 578 1584; x_wconf 88' lang='lat' dir='ltr'>aut</span> <span class='ocrx_word' id='word_1_193' title='bbox 596 1557 653 1584; x_wconf 82' lang='lat' dir='ltr'>arma</span> <span class='ocrx_word' id='word_1_194' title='bbox 673 1544 782 1597; x_wconf 84' lang='lat' dir='ltr'>capiebant</span> <span class='ocrx_word' id='word_1_195' title='bbox 797 1545 833 1583; x_wconf 89' lang='lat' dir='ltr'>aut</span> 
     </span>
     <span class='ocr_line' id='line_1_22' title="bbox 54 1614 832 1668; baseline -0.003 -13"><span class='ocrx_word' id='word_1_196' title='bbox 54 1615 152 1668; x_wconf 84' lang='lat' dir='ltr'>capientis</span> <span class='ocrx_word' id='word_1_197' title='bbox 172 1615 222 1655; x_wconf 87' lang='lat' dir='ltr'>alios</span> <span class='ocrx_word' id='word_1_198' title='bbox 245 1616 270 1655; x_wconf 93' lang='lat' dir='ltr'>ab</span> <span class='ocrx_word' id='word_1_199' title='bbox 291 1615 385 1655; x_wconf 87' lang='lat' dir='ltr'>hostibus</span> <span class='ocrx_word' id='word_1_200' title='bbox 406 1616 549 1666; x_wconf 51' lang='lat' dir='ltr'>defensatione</span> <span class='ocrx_word' id='word_1_201' title='bbox 570 1627 619 1668; x_wconf 85' lang='lat' dir='ltr'>pars</span> <span class='ocrx_word' id='word_1_202' title='bbox 635 1628 698 1667; x_wconf 87' lang='lat' dir='ltr'>equos</span> <span class='ocrx_word' id='word_1_203' title='bbox 714 1614 832 1664; x_wconf 76' lang='lat' dir='ltr'>escendere,</span> 
     </span>
     <span class='ocr_line' id='line_1_23' title="bbox 53 1676 863 1738; baseline -0.002 -13"><span class='ocrx_word' id='word_1_204' title='bbox 53 1685 134 1725; x_wconf 77' lang='lat' dir='ltr'>obuiam</span> <span class='ocrx_word' id='word_1_205' title='bbox 148 1685 179 1724; x_wconf 89' lang='lat' dir='ltr'>ire</span> <span class='ocrx_word' id='word_1_206' title='bbox 195 1685 294 1734; x_wconf 87' lang='lat' dir='ltr'>hostibus,</span> <span class='ocrx_word' id='word_1_207' title='bbox 308 1697 379 1738; x_wconf 80' lang='lat' dir='ltr'>pugna</span> <span class='ocrx_word' id='word_1_208' title='bbox 392 1676 497 1725; x_wconf 83' lang='lat' dir='ltr'>latrocinio</span> <span class='ocrx_word' id='word_1_209' title='bbox 512 1684 578 1737; x_wconf 83' lang='lat' dir='ltr'>magis</span> <span class='ocrx_word' id='word_1_210' title='bbox 594 1697 654 1737; x_wconf 88' lang='lat' dir='ltr'>quam</span> <span class='ocrx_word' id='word_1_211' title='bbox 670 1684 746 1738; x_wconf 88' lang='lat' dir='ltr'>proelio</span> <span class='ocrx_word' id='word_1_212' title='bbox 760 1683 832 1724; x_wconf 88' lang='lat' dir='ltr'>similis</span> <span class='ocrx_word' id='word_1_213' title='bbox 860 1681 863 1685; x_wconf 54' lang='lat'>‘</span> 
     </span>
     <span class='ocr_line' id='line_1_24' title="bbox 5 1753 832 1808; baseline -0.001 -13"><span class='ocrx_word' id='word_1_214' title='bbox 5 1784 8 1786; x_wconf 54' lang='lat'>&gt;</span> <span class='ocrx_word' id='word_1_215' title='bbox 53 1754 104 1807; x_wconf 86' lang='lat' dir='ltr'>fieri,</span> <span class='ocrx_word' id='word_1_216' title='bbox 120 1755 164 1795; x_wconf 86' lang='lat' dir='ltr'>sine</span> <span class='ocrx_word' id='word_1_217' title='bbox 180 1755 243 1807; x_wconf 83' lang='lat' dir='ltr'>siguis</span> <span class='ocrx_word' id='word_1_218' title='bbox 259 1755 303 1795; x_wconf 89' lang='lat' dir='ltr'>sine</span> <span class='ocrx_word' id='word_1_219' title='bbox 319 1756 423 1795; x_wconf 86' lang='lat' dir='ltr'>ordinibus</span> <span class='ocrx_word' id='word_1_220' title='bbox 437 1756 517 1808; x_wconf 83' lang='lat' dir='ltr'>equites</span> <span class='ocrx_word' id='word_1_221' title='bbox 527 1755 649 1808; x_wconf 75' lang='lat' dir='ltr'>peditesque</span> <span class='ocrx_word' id='word_1_222' title='bbox 659 1753 772 1808; x_wconf 78' lang='lat' dir='ltr'>permixtos</span> <span class='ocrx_word' id='word_1_223' title='bbox 788 1767 832 1794; x_wconf 84' lang='lat' dir='ltr'>cae-</span> 
     </span>
     <span class='ocr_line' id='line_1_25' title="bbox 55 1825 833 1881; baseline -0.001 -16"><span class='ocrx_word' id='word_1_224' title='bbox 55 1825 104 1865; x_wconf 89' lang='lat' dir='ltr'>dere</span> <span class='ocrx_word' id='word_1_225' title='bbox 115 1825 223 1865; x_wconf 83' lang='lat' dir='ltr'>aliosalios</span> <span class='ocrx_word' id='word_1_226' title='bbox 232 1827 359 1881; x_wconf 85' lang='lat' dir='ltr'>obtruncare,</span> <span class='ocrx_word' id='word_1_227' title='bbox 370 1825 430 1865; x_wconf 91' lang='lat' dir='ltr'>multi</span> <span class='ocrx_word' id='word_1_228' title='bbox 441 1828 512 1866; x_wconf 87' lang='lat' dir='ltr'>contra</span> <span class='ocrx_word' id='word_1_229' title='bbox 520 1826 619 1866; x_wconf 83' lang='lat' dir='ltr'>advorsos</span> <span class='ocrx_word' id='word_1_230' title='bbox 628 1837 734 1865; x_wconf 84' lang='lat' dir='ltr'>acerrume</span> <span class='ocrx_word' id='word_1_231' title='bbox 741 1838 833 1878; x_wconf 80' lang='lat' dir='ltr'>pugnan-</span> 
     </span>
     <span class='ocr_line' id='line_1_26' title="bbox 54 1895 834 1949; baseline -0.001 -14"><span class='ocrx_word' id='word_1_232' title='bbox 54 1898 86 1935; x_wconf 88' lang='lat' dir='ltr'>tes</span> <span class='ocrx_word' id='word_1_233' title='bbox 97 1896 123 1936; x_wconf 89' lang='lat' dir='ltr'>ab</span> <span class='ocrx_word' id='word_1_234' title='bbox 134 1898 192 1948; x_wconf 82' lang='lat' dir='ltr'>tergo</span> <span class='ocrx_word' id='word_1_235' title='bbox 204 1896 355 1947; x_wconf 66' lang='lat' dir='ltr'>circumueniri,</span> <span class='ocrx_word' id='word_1_236' title='bbox 370 1908 437 1948; x_wconf 87' lang='lat' dir='ltr'>neque</span> <span class='ocrx_word' id='word_1_237' title='bbox 452 1896 520 1936; x_wconf 79' lang='lat' dir='ltr'>uirtus</span> <span class='ocrx_word' id='word_1_238' title='bbox 534 1909 602 1949; x_wconf 86' lang='lat' dir='ltr'>neque</span> <span class='ocrx_word' id='word_1_239' title='bbox 617 1908 674 1935; x_wconf 83' lang='lat' dir='ltr'>arma</span> <span class='ocrx_word' id='word_1_240' title='bbox 689 1895 739 1936; x_wconf 88' lang='lat' dir='ltr'>satis</span> <span class='ocrx_word' id='word_1_241' title='bbox 755 1897 834 1947; x_wconf 86' lang='lat' dir='ltr'>tegere,</span> 
     </span>
    </p>
   </div>
   <div class='ocr_carea' id='block_1_3' title="bbox 50 1969 870 2159">
    <p class='ocr_par' dir='ltr' id='par_1_3' title="bbox 50 1969 870 2159">
     <span class='ocr_line' id='line_1_27' title="bbox 50 1969 870 2043; baseline -0.002 -8"><span class='ocrx_word' id='word_1_242' title='bbox 50 1997 140 2037; x_wconf 53' lang='grc' dir='ltr'>,θλ-99.</span> <span class='ocrx_word' id='word_1_243' title='bbox 155 1987 242 2034; x_wconf 75' lang='lat' dir='ltr'>itterfall</span> <span class='ocrx_word' id='word_1_244' title='bbox 254 1997 372 2034; x_wconf 70' lang='lat' dir='ltr'>docharius</span> <span class='ocrx_word' id='word_1_245' title='bbox 384 1997 444 2034; x_wconf 88' lang='lat' dir='ltr'>durch</span> <span class='ocrx_word' id='word_1_246' title='bbox 503 1999 520 2035; x_wconf 85' lang='lat'>4.</span> <span class='ocrx_word' id='word_1_247' title='bbox 532 1998 618 2034; x_wconf 62' lang='lat' dir='ltr'>sarcinas</span> <span class='ocrx_word' id='word_1_248' title='bbox 630 1969 719 2043; x_wconf 65' lang='lat' dir='ltr'>collacare.</span> <span class='ocrx_word' id='word_1_249' title='bbox 738 1997 778 2033; x_wconf 83' lang='lat' dir='ltr'>Das</span> <span class='ocrx_word' id='word_1_250' title='bbox 787 1997 870 2042; x_wconf 71' lang='lat' dir='ltr'>(sepsos,</span> 
     </span>
     <span class='ocr_line' id='line_1_28' title="bbox 124 2054 870 2100; baseline -0.001 -9"><span class='ocrx_word' id='word_1_251' title='bbox 124 2056 221 2100; x_wconf 79' lang='lat' dir='ltr'>Iugurtha</span> <span class='ocrx_word' id='word_1_252' title='bbox 232 2056 272 2092; x_wconf 91' lang='lat' dir='ltr'>und</span> <span class='ocrx_word' id='word_1_253' title='bbox 283 2055 376 2096; x_wconf 80' lang='lat' dir='ltr'>Bocchus.</span> <span class='ocrx_word' id='word_1_254' title='bbox 475 2057 512 2092; x_wconf 83' lang='lat' dir='ltr'>das</span> <span class='ocrx_word' id='word_1_255' title='bbox 533 2057 565 2093; x_wconf 88' lang='lat' dir='ltr'>der</span> <span class='ocrx_word' id='word_1_256' title='bbox 585 2056 669 2093; x_wconf 81' lang='lat' dir='ltr'>einzelne</span> <span class='ocrx_word' id='word_1_257' title='bbox 684 2056 749 2092; x_wconf 84' lang='lat' dir='ltr'>Soldat</span> <span class='ocrx_word' id='word_1_258' title='bbox 766 2054 870 2100; x_wconf 79' lang='lat' dir='ltr'>personlich</span> 
     </span>
     <span class='ocr_line' id='line_1_29' title="bbox 479 2113 869 2159; baseline 0 -9"><span class='ocrx_word' id='word_1_259' title='bbox 479 2115 509 2157; x_wconf 79' lang='lat' dir='ltr'>fur</span> <span class='ocrx_word' id='word_1_260' title='bbox 523 2114 560 2150; x_wconf 85' lang='lat' dir='ltr'>fich</span> <span class='ocrx_word' id='word_1_261' title='bbox 575 2115 655 2151; x_wconf 84' lang='lat' dir='ltr'>braucht</span> <span class='ocrx_word' id='word_1_262' title='bbox 671 2134 694 2140; x_wconf 93' lang='lat'><em>-</em></span> <span class='ocrx_word' id='word_1_263' title='bbox 710 2114 764 2150; x_wconf 76' lang='lat' dir='ltr'>unser</span> <span class='ocrx_word' id='word_1_264' title='bbox 776 2113 869 2159; x_wconf 77' lang='lat' dir='ltr'>Tomiher</span> 
     </span>
    </p>
   </div>
   <div class='ocr_carea' id='block_1_4' title="bbox 479 2171 870 2220">
    <p class='ocr_par' dir='ltr' id='par_1_4' title="bbox 479 2171 870 2220">
     <span class='ocr_line' id='line_1_30' title="bbox 479 2171 870 2220; baseline 0.003 -13"><span class='ocrx_word' id='word_1_265' title='bbox 479 2193 502 2198; x_wconf 92' lang='lat'>—</span> <span class='ocrx_word' id='word_1_266' title='bbox 514 2173 556 2220; x_wconf 67' lang='lat' dir='ltr'>muti</span> <span class='ocrx_word' id='word_1_267' title='bbox 573 2183 594 2209; x_wconf 85' lang='lat' dir='ltr'>er</span> <span class='ocrx_word' id='word_1_268' title='bbox 606 2174 639 2208; x_wconf 81' lang='lat' dir='ltr'>mit</span> <span class='ocrx_word' id='word_1_269' title='bbox 650 2173 670 2208; x_wconf 86' lang='lat' dir='ltr'>in</span> <span class='ocrx_word' id='word_1_270' title='bbox 683 2173 711 2209; x_wconf 88' lang='lat' dir='ltr'>die</span> <span class='ocrx_word' id='word_1_271' title='bbox 724 2171 813 2208; x_wconf 84' lang='lat' dir='ltr'>Schlacht</span> <span class='ocrx_word' id='word_1_272' title='bbox 825 2172 870 2208; x_wconf 90' lang='lat' dir='ltr'>neh-</span> 
     </span>
    </p>
   </div>
   <div class='ocr_carea' id='block_1_5' title="bbox 49 2209 871 2334">
    <p class='ocr_par' dir='ltr' id='par_1_5' title="bbox 49 2209 871 2334">
     <span class='ocr_line' id='line_1_31' title="bbox 49 2209 871 2267; baseline -0.004 0"><span class='ocrx_word' id='word_1_273' title='bbox 49 2209 52 2212; x_wconf 18' lang='lat'><em>*</em></span> <span class='ocrx_word' id='word_1_274' title='bbox 79 2223 95 2256; x_wconf 60' lang='lat'>2*</span> <span class='ocrx_word' id='word_1_275' title='bbox 111 2220 152 2256; x_wconf 59' lang='lat' dir='ltr'>belii</span> <span class='ocrx_word' id='word_1_276' title='bbox 166 2224 221 2267; x_wconf 53' lang='lat' dir='ltr'>addae</span> <span class='ocrx_word' id='word_1_277' title='bbox 233 2220 288 2266; x_wconf 51' lang='lat' dir='ltr'>1³60ss</span> <span class='ocrx_word' id='word_1_278' title='bbox 304 2221 395 2266; x_wconf 49' lang='lat' dir='ltr'>mmm&amp;</span> <span class='ocrx_word' id='word_1_279' title='bbox 415 2221 444 2257; x_wconf 70' lang='grc' dir='ltr'>(Ῑῑθ</span> <span class='ocrx_word' id='word_1_280' title='bbox 479 2242 527 2267; x_wconf 87' lang='lat' dir='ltr'>meu.</span> <span class='ocrx_word' id='word_1_281' title='bbox 551 2232 580 2267; x_wconf 87' lang='lat' dir='ltr'>Zu</span> <span class='ocrx_word' id='word_1_282' title='bbox 592 2230 683 2267; x_wconf 81' lang='lat' dir='ltr'>beachten</span> <span class='ocrx_word' id='word_1_283' title='bbox 694 2230 716 2265; x_wconf 76' lang='lat' dir='ltr'>iu</span> <span class='ocrx_word' id='word_1_284' title='bbox 728 2230 759 2266; x_wconf 84' lang='lat' dir='ltr'>die</span> <span class='ocrx_word' id='word_1_285' title='bbox 771 2230 829 2266; x_wconf 88' lang='lat' dir='ltr'>durch</span> <span class='ocrx_word' id='word_1_286' title='bbox 837 2234 871 2264; x_wconf 80' lang='lat' dir='ltr'>aot</span> 
     </span>
     <span class='ocr_line' id='line_1_32' title="bbox 55 2279 870 2334; baseline -0.001 -19"><span class='ocrx_word' id='word_1_287' title='bbox 55 2279 182 2325; x_wconf 78' lang='lat' dir='ltr'>Berechnuug,</span> <span class='ocrx_word' id='word_1_288' title='bbox 199 2280 222 2316; x_wconf 91' lang='lat' dir='ltr'>ob</span> <span class='ocrx_word' id='word_1_289' title='bbox 234 2281 272 2315; x_wconf 85' lang='lat' dir='ltr'>ihm</span> <span class='ocrx_word' id='word_1_290' title='bbox 285 2280 316 2316; x_wconf 86' lang='lat' dir='ltr'>der</span> <span class='ocrx_word' id='word_1_291' title='bbox 328 2279 387 2325; x_wconf 83' lang='lat' dir='ltr'>Krieg</span> <span class='ocrx_word' id='word_1_292' title='bbox 399 2280 444 2316; x_wconf 88' lang='lat' dir='ltr'>oder</span> <span class='ocrx_word' id='word_1_293' title='bbox 480 2310 502 2316; x_wconf 91' lang='lat'>..</span> <span class='ocrx_word' id='word_1_294' title='bbox 515 2293 549 2325; x_wconf 59' lang='lat' dir='ltr'>aut</span> <span class='ocrx_word' id='word_1_295' title='bbox 560 2310 584 2316; x_wconf 75' lang='grc'><strong>-</strong></span> <span class='ocrx_word' id='word_1_296' title='bbox 599 2288 677 2334; x_wconf 58' lang='lat' dir='ltr'>demque</span> <span class='ocrx_word' id='word_1_297' title='bbox 692 2289 810 2325; x_wconf 51' lang='lat' dir='ltr'>verbunden,</span> <span class='ocrx_word' id='word_1_298' title='bbox 822 2288 870 2324; x_wconf 56' lang='lat' dir='ltr'>spei.</span> 
     </span>
    </p>
   </div>
   <div class='ocr_carea' id='block_1_6' title="bbox 45 2338 872 2864">
    <p class='ocr_par' dir='ltr' id='par_1_6' title="bbox 51 2338 871 2688">
     <span class='ocr_line' id='line_1_33' title="bbox 51 2338 871 2394; baseline -0.001 -9"><span class='ocrx_word' id='word_1_299' title='bbox 51 2338 88 2389; x_wconf 58' lang='grc' dir='ltr'>,(1θῖ</span> <span class='ocrx_word' id='word_1_300' title='bbox 100 2338 179 2375; x_wconf 65' lang='lat' dir='ltr'>Ffifldffi</span> <span class='ocrx_word' id='word_1_301' title='bbox 192 2338 244 2375; x_wconf 64' lang='lat' dir='ltr'>mehr</span> <span class='ocrx_word' id='word_1_302' title='bbox 256 2339 356 2384; x_wconf 61' lang='lat' dir='ltr'>einbfiflge·</span> <span class='ocrx_word' id='word_1_303' title='bbox 369 2359 393 2364; x_wconf 79' lang='grc'><strong>-</strong></span> <span class='ocrx_word' id='word_1_304' title='bbox 404 2342 444 2374; x_wconf 64' lang='lat' dir='ltr'>im·</span> <span class='ocrx_word' id='word_1_305' title='bbox 480 2359 556 2394; x_wconf 84' lang='lat' dir='ltr'>geruug.</span> <span class='ocrx_word' id='word_1_306' title='bbox 569 2369 592 2374; x_wconf 90' lang='lat'>-</span> <span class='ocrx_word' id='word_1_307' title='bbox 604 2348 677 2393; x_wconf 71' lang='lat' dir='ltr'>siparum</span> <span class='ocrx_word' id='word_1_308' title='bbox 686 2348 751 2392; x_wconf 61' lang='lat' dir='ltr'>nstrum,</span> <span class='ocrx_word' id='word_1_309' title='bbox 762 2348 829 2392; x_wconf 77' lang='lat' dir='ltr'>irgeud</span> <span class='ocrx_word' id='word_1_310' title='bbox 841 2348 871 2384; x_wconf 88' lang='lat' dir='ltr'>eiu</span> 
     </span>
     <span class='ocr_line' id='line_1_34' title="bbox 55 2395 870 2451; baseline 0 -10"><span class='ocrx_word' id='word_1_311' title='bbox 55 2395 105 2440; x_wconf 60' lang='lat' dir='ltr'>dete,</span> <span class='ocrx_word' id='word_1_312' title='bbox 122 2397 158 2441; x_wconf 56' lang='lat' dir='ltr'>Vel·</span> <span class='ocrx_word' id='word_1_313' title='bbox 171 2399 200 2433; x_wconf 78' lang='lat'>34·</span> <span class='ocrx_word' id='word_1_314' title='bbox 213 2399 229 2432; x_wconf 83' lang='lat'>4·</span> <span class='ocrx_word' id='word_1_315' title='bbox 244 2417 266 2423; x_wconf 89' lang='grc'>-</span> <span class='ocrx_word' id='word_1_316' title='bbox 279 2407 391 2442; x_wconf 58' lang='grc' dir='ltr'>ΡΤΟΜΜΟθ)</span> <span class='ocrx_word' id='word_1_317' title='bbox 408 2398 444 2442; x_wconf 65' lang='lat' dir='ltr'>vgl·</span> <span class='ocrx_word' id='word_1_318' title='bbox 480 2406 512 2443; x_wconf 81' lang='lat' dir='ltr'>auf</span> <span class='ocrx_word' id='word_1_319' title='bbox 529 2407 564 2442; x_wconf 82' lang='lat' dir='ltr'>don</span> <span class='ocrx_word' id='word_1_320' title='bbox 582 2408 643 2443; x_wconf 87' lang='lat' dir='ltr'>nahen</span> <span class='ocrx_word' id='word_1_321' title='bbox 661 2404 731 2451; x_wconf 82' lang='lat' dir='ltr'>Kampf</span> <span class='ocrx_word' id='word_1_322' title='bbox 751 2405 870 2451; x_wconf 78' lang='lat' dir='ltr'>hezuglichcs</span> 
     </span>
     <span class='ocr_line' id='line_1_35' title="bbox 55 2456 871 2512; baseline -0.005 -9"><span class='ocrx_word' id='word_1_323' title='bbox 55 2456 84 2491; x_wconf 71' lang='lat'>3⁰·</span> <span class='ocrx_word' id='word_1_324' title='bbox 97 2458 113 2492; x_wconf 80' lang='lat'>3·</span> <span class='ocrx_word' id='word_1_325' title='bbox 480 2465 572 2512; x_wconf 87' lang='lat' dir='ltr'>Zeichen,</span> <span class='ocrx_word' id='word_1_326' title='bbox 587 2467 621 2502; x_wconf 87' lang='lat' dir='ltr'>wie</span> <span class='ocrx_word' id='word_1_327' title='bbox 637 2476 656 2502; x_wconf 89' lang='lat' dir='ltr'>es</span> <span class='ocrx_word' id='word_1_328' title='bbox 673 2476 714 2501; x_wconf 91' lang='lat' dir='ltr'>vom</span> <span class='ocrx_word' id='word_1_329' title='bbox 725 2464 871 2501; x_wconf 84' lang='lat' dir='ltr'>Feldherruzeit</span> 
     </span>
     <span class='ocr_line' id='line_1_36' title="bbox 52 2522 871 2572; baseline -0.005 -10"><span class='ocrx_word' id='word_1_330' title='bbox 52 2554 54 2556; x_wconf 47' lang='lat'>&gt;</span> <span class='ocrx_word' id='word_1_331' title='bbox 80 2528 96 2562; x_wconf 82' lang='lat'>3.</span> <span class='ocrx_word' id='word_1_332' title='bbox 109 2525 221 2572; x_wconf 77' lang='lat' dir='ltr'>Iopurtham</span> <span class='ocrx_word' id='word_1_333' title='bbox 229 2526 304 2571; x_wconf 78' lang='lat' dir='ltr'>accedit,</span> <span class='ocrx_word' id='word_1_334' title='bbox 317 2527 372 2562; x_wconf 81' lang='lat' dir='ltr'>ruckt</span> <span class='ocrx_word' id='word_1_335' title='bbox 380 2527 445 2570; x_wconf 89' lang='lat' dir='ltr'>heran,</span> <span class='ocrx_word' id='word_1_336' title='bbox 480 2534 515 2560; x_wconf 82' lang='lat' dir='ltr'>aus</span> <span class='ocrx_word' id='word_1_337' title='bbox 531 2525 614 2569; x_wconf 79' lang='lat' dir='ltr'>gegeben</span> <span class='ocrx_word' id='word_1_338' title='bbox 626 2535 649 2559; x_wconf 90' lang='lat' dir='ltr'>zu</span> <span class='ocrx_word' id='word_1_339' title='bbox 665 2524 738 2560; x_wconf 82' lang='lat' dir='ltr'>werden</span> <span class='ocrx_word' id='word_1_340' title='bbox 760 2522 835 2569; x_wconf 83' lang='lat' dir='ltr'>pflegte.</span> <span class='ocrx_word' id='word_1_341' title='bbox 848 2543 871 2548; x_wconf 92' lang='lat'><em>-</em></span> 
     </span>
     <span class='ocr_line' id='line_1_37' title="bbox 56 2580 871 2633; baseline -0.005 -12"><span class='ocrx_word' id='word_1_342' title='bbox 56 2585 103 2633; x_wconf 73' lang='lat' dir='ltr'>hope</span> <span class='ocrx_word' id='word_1_343' title='bbox 114 2597 137 2621; x_wconf 90' lang='lat' dir='ltr'>zu</span> <span class='ocrx_word' id='word_1_344' title='bbox 146 2585 242 2629; x_wconf 81' lang='lat' dir='ltr'>Iugurtha.</span> <span class='ocrx_word' id='word_1_345' title='bbox 255 2585 325 2629; x_wconf 80' lang='lat' dir='ltr'>-dic,</span> <span class='ocrx_word' id='word_1_346' title='bbox 338 2585 375 2630; x_wconf 84' lang='lat' dir='ltr'>vgi.</span> <span class='ocrx_word' id='word_1_347' title='bbox 387 2586 416 2621; x_wconf 78' lang='lat'>52.</span> <span class='ocrx_word' id='word_1_348' title='bbox 429 2587 445 2621; x_wconf 84' lang='lat'>3.</span> <span class='ocrx_word' id='word_1_349' title='bbox 481 2583 529 2627; x_wconf 73' lang='lat' dir='ltr'>acte,</span> <span class='ocrx_word' id='word_1_350' title='bbox 552 2584 572 2619; x_wconf 90' lang='lat' dir='ltr'>in</span> <span class='ocrx_word' id='word_1_351' title='bbox 591 2583 719 2627; x_wconf 85' lang='lat' dir='ltr'>regelrechter</span> <span class='ocrx_word' id='word_1_352' title='bbox 743 2580 871 2618; x_wconf 81' lang='lat' dir='ltr'>Schlachtauf-</span> 
     </span>
     <span class='ocr_line' id='line_1_38' title="bbox 53 2642 565 2688; baseline -0.004 -9"><span class='ocrx_word' id='word_1_353' title='bbox 53 2664 79 2673; x_wconf 85' lang='lat'>--</span> <span class='ocrx_word' id='word_1_354' title='bbox 86 2644 143 2688; x_wconf 75' lang='lat' dir='ltr'>uictis,</span> <span class='ocrx_word' id='word_1_355' title='bbox 153 2643 200 2679; x_wconf 77' lang='lat' dir='ltr'>=st</span> <span class='ocrx_word' id='word_1_356' title='bbox 211 2644 254 2679; x_wconf 74' lang='lat' dir='ltr'>uicti</span> <span class='ocrx_word' id='word_1_357' title='bbox 266 2647 325 2679; x_wconf 79' lang='lat' dir='ltr'>esseut</span> <span class='ocrx_word' id='word_1_358' title='bbox 338 2644 446 2687; x_wconf 82' lang='lat' dir='ltr'>(foreat).-</span> <span class='ocrx_word' id='word_1_359' title='bbox 480 2642 565 2686; x_wconf 75' lang='lat' dir='ltr'>[tellung.</span> 
     </span>
    </p>

    <p class='ocr_par' dir='ltr' id='par_1_7' title="bbox 45 2691 872 2864">
     <span class='ocr_line' id='line_1_39' title="bbox 56 2691 871 2746; baseline -0.005 -8"><span class='ocrx_word' id='word_1_360' title='bbox 56 2702 173 2745; x_wconf 57' lang='lat' dir='ltr'>nicoteranae,</span> <span class='ocrx_word' id='word_1_361' title='bbox 190 2702 233 2738; x_wconf 84' lang='lat' dir='ltr'>Dat.</span> <span class='ocrx_word' id='word_1_362' title='bbox 247 2713 311 2739; x_wconf 91' lang='lat' dir='ltr'>comm.</span> <span class='ocrx_word' id='word_1_363' title='bbox 324 2702 383 2737; x_wconf 87' lang='lat' dir='ltr'>nebcn</span> <span class='ocrx_word' id='word_1_364' title='bbox 395 2701 446 2737; x_wconf 76' lang='lat' dir='ltr'>nullo</span> <span class='ocrx_word' id='word_1_365' title='bbox 506 2702 522 2737; x_wconf 88' lang='lat'>5.</span> <span class='ocrx_word' id='word_1_366' title='bbox 535 2700 638 2745; x_wconf 76' lang='lat' dir='ltr'>latrocinio,</span> <span class='ocrx_word' id='word_1_367' title='bbox 647 2691 731 2736; x_wconf 74' lang='lat' dir='ltr'>iiberfau</span> <span class='ocrx_word' id='word_1_368' title='bbox 740 2710 776 2736; x_wconf 86' lang='lat' dir='ltr'>von</span> <span class='ocrx_word' id='word_1_369' title='bbox 785 2698 871 2746; x_wconf 67' lang='lat' dir='ltr'>Strateu·</span> 
     </span>
     <span class='ocr_line' id='line_1_40' title="bbox 52 2758 872 2805; baseline -0.007 -6"><span class='ocrx_word' id='word_1_370' title='bbox 52 2761 192 2805; x_wconf 69' lang='lat' dir='ltr'>zo&#39;mpedr&#39;ozcrrto,</span> <span class='ocrx_word' id='word_1_371' title='bbox 211 2760 267 2796; x_wconf 82' lang='lat' dir='ltr'>ablat.</span> <span class='ocrx_word' id='word_1_372' title='bbox 280 2761 342 2805; x_wconf 83' lang='lat' dir='ltr'>qualit.</span> <span class='ocrx_word' id='word_1_373' title='bbox 362 2780 385 2785; x_wconf 98' lang='lat'><em>-</em></span> <span class='ocrx_word' id='word_1_374' title='bbox 401 2760 446 2805; x_wconf 78' lang='lat' dir='ltr'>quio</span> <span class='ocrx_word' id='word_1_375' title='bbox 481 2760 566 2796; x_wconf 73' lang='lat' dir='ltr'>raubero.</span> <span class='ocrx_word' id='word_1_376' title='bbox 580 2779 603 2785; x_wconf 91' lang='lat'>—</span> <span class='ocrx_word' id='word_1_377' title='bbox 615 2762 682 2794; x_wconf 81' lang='lat' dir='ltr'>contro</span> <span class='ocrx_word' id='word_1_378' title='bbox 697 2758 794 2802; x_wconf 80' lang='lat' dir='ltr'>advorsos,</span> <span class='ocrx_word' id='word_1_379' title='bbox 814 2768 872 2802; x_wconf 82' lang='lat' dir='ltr'>gcgeu</span> 
     </span>
     <span class='ocr_line' id='line_1_41' title="bbox 45 2815 872 2864; baseline -0.005 -10"><span class='ocrx_word' id='word_1_380' title='bbox 45 2823 115 2864; x_wconf 71' lang='lat' dir='ltr'>eraut,</span> <span class='ocrx_word' id='word_1_381' title='bbox 128 2820 204 2864; x_wconf 71' lang='lat' dir='ltr'>vgl.,38.</span> <span class='ocrx_word' id='word_1_382' title='bbox 218 2820 234 2856; x_wconf 77' lang='grc'>9.</span> <span class='ocrx_word' id='word_1_383' title='bbox 482 2818 511 2854; x_wconf 86' lang='lat' dir='ltr'>die</span> <span class='ocrx_word' id='word_1_384' title='bbox 523 2818 603 2863; x_wconf 81' lang='lat' dir='ltr'>regellos</span> <span class='ocrx_word' id='word_1_385' title='bbox 616 2816 752 2853; x_wconf 81' lang='lat' dir='ltr'>Eiufallcuden.</span> <span class='ocrx_word' id='word_1_386' title='bbox 772 2836 796 2863; x_wconf 64' lang='lat'>··,</span> <span class='ocrx_word' id='word_1_387' title='bbox 812 2815 872 2863; x_wconf 66' lang='lat' dir='ltr'>inulti,</span> 
     </span>
    </p>
   </div>
   <div class='ocr_carea' id='block_1_7' title="bbox 50 2133 443 2203">
    <p class='ocr_par' dir='ltr' id='par_1_8' title="bbox 50 2133 443 2203">
     <span class='ocr_line' id='line_1_42' title="bbox 50 2133 443 2203; baseline -0.003 -16"><span class='ocrx_word' id='word_1_388' title='bbox 50 2149 52 2203; x_wconf 41' lang='lat'><em>]</em></span> <span class='ocrx_word' id='word_1_389' title='bbox 78 2133 109 2187; x_wconf 69' lang='lat'>97.</span> <span class='ocrx_word' id='word_1_390' title='bbox 117 2153 133 2186; x_wconf 93' lang='grc'>1.</span> <span class='ocrx_word' id='word_1_391' title='bbox 141 2143 240 2195; x_wconf 65' lang='lat' dir='ltr'>postquam</span> <span class='ocrx_word' id='word_1_392' title='bbox 246 2150 338 2194; x_wconf 74' lang='lat' dir='ltr'>orrttscrot,</span> <span class='ocrx_word' id='word_1_393' title='bbox 347 2150 383 2195; x_wconf 84' lang='lat' dir='ltr'>vgl.</span> <span class='ocrx_word' id='word_1_394' title='bbox 392 2153 419 2187; x_wconf 76' lang='grc'>11,</span> <span class='ocrx_word' id='word_1_395' title='bbox 426 2153 443 2186; x_wconf 88' lang='grc'>2.</span> 
     </span>
    </p>
   </div>
   <div class='ocr_carea' id='block_1_8' title="bbox 0 0 947 3089">
    <p class='ocr_par' dir='ltr' id='par_1_9' title="bbox 0 0 947 3089">
     <span class='ocr_line' id='line_1_43' title="bbox 0 0 947 3089; baseline 0 0"><span class='ocrx_word' id='word_1_396' title='bbox 0 0 947 3089; x_wconf 95' lang='lat' dir='ltr'> </span> 
     </span>
    </p>
   </div>
  </div>
 </body>
</html>
