1872 3089
268 92 297 121 nn
307 91 423 121 cartainse
432 91 593 122 conmuurlonn
607 92 624 120 o.
634 93 693 121 21-23.
843 81 870 122 21

91 192 199 243 postquam
210 191 298 230 omnium
313 190 391 230 animos
405 190 478 230 alacris
493 189 557 240 videt,
573 191 697 238 cohortatus,
711 191 735 228 ut
750 188 893 242 pet‘tionem5

91 273 150 300 suam
165 274 226 301 curae
236 262 342 310 haberent,
358 262 480 301 conventum
491 261 574 306 dimisit,
596 261 654 300 fuere
665 272 690 300 ea
700 261 824 313 tempestate
835 258 870 311 qni
881 259 906 295 22

91 332 184 371 dicerent
194 330 301 372 Catilinam
316 331 406 371 oratione
422 331 497 381 hahita,
512 343 558 371 oum
573 332 600 371 ad
614 330 756 370 iusiurandum
766 329 870 383 popularis

91 402 175 442 sceleris
191 401 223 440 sui
233 401 333 453 adigeret,
349 401 431 440 humaui
442 401 531 454 corporis
547 401 667 454 sanguinem
682 401 730 440 rino
745 400 870 453 permixtum

89 472 112 512 in
134 471 211 525 pateris
233 471 392 521 circumtulisse3
411 471 460 511 inde
480 484 526 511 oum
548 473 595 524 post
618 471 780 512 exsecrationem
799 474 893 510 omnes2

91 541 265 594 degustarissent,
284 541 345 581 sicuti
359 541 381 580 iu
388 541 528 581 sollemnibus
543 542 608 581 sacris
622 541 668 581 fieri
686 540 802 590 consueuit,
823 552 869 593 ape-

90 612 157 651 ruisse
173 611 279 650 consilium
295 624 354 650 suum
369 614 431 663 atque
446 624 470 651 eo
487 612 607 651 dictitavere
621 611 702 660 fecisse,
721 624 761 663 quo
776 610 831 649 inter
846 622 868 650 se

38 731 40 734 ι
89 681 126 721 fidi
140 681 206 732 magis
216 681 290 729 forent,
308 680 360 720 alius
375 681 411 720 alii
426 681 476 720 tanti
491 681 585 721 facinoris
601 682 682 721 conscii.
713 680 806 720 nonnulli
821 667 892 720 fietass

89 756 111 790 et
126 751 178 790 haec
193 754 215 790 et
228 750 294 790 multa
313 753 421 803 praeterea
437 751 590 817 existumabant
610 752 635 790 ab
656 747 749 803 eis,‘qui
765 750 868 791 Ciceronis

89 820 193 868 inuidiam,
209 832 261 871 quae
276 821 348 872 postea
363 824 407 860 orta
418 823 454 869 est,
470 820 530 859 leniri
541 821 653 860 credebant
666 820 773 860 atrocitate
784 819 868 859 sceleris

89 902 166 939 eornm,
181 889 216 941 qui
226 902 302 942 poenas
314 890 420 929 dederant.
445 889 503 929 nobis
514 903 539 930 ea
549 903 583 930 res
593 903 630 943 pro
640 889 781 942 magnitudine
795 902 868 942 parum

89 962 193 1013 comperta
209 962 245 999 est.

149 1027 191 1088 Sed
198 1029 219 1069 in
228 1041 252 1069 ca
261 1029 397 1069 coniuratione
407 1029 446 1070 fuit
454 1029 480 1076 Q.
489 1029 567 1079 Curius,
583 1032 645 1070 natus
652 1029 709 1069 haud
720 1031 806 1070 obscuro
816 1029 866 1078 loco,
878 1029 903 1067 23

88 1099 171 1152 flagitiis
187 1103 248 1151 atque
262 1099 385 1139 facinoribus
401 1101 502 1152 copertus,
522 1113 582 1153 quem
598 1112 694 1140 censores
710 1101 783 1139 senatu
797 1099 867 1152 probri

87 1169 157 1221 gratia
176 1171 287 1209 moverant.
317 1169 364 1209 huic
382 1169 457 1210 homini
476 1183 516 1210 non
539 1168 605 1210 minor
625 1170 705 1210 vanitas
724 1170 790 1209 inerat
805 1173 890 1221 quam2

88 1239 187 1280 audacia:
203 1252 270 1292 neque
280 1240 368 1280 reticere
379 1252 431 1292 quae
447 1240 540 1281 audierat
555 1254 622 1293 neque
638 1241 718 1281 suamet
727 1240 772 1293 ipse
787 1240 867 1280 scelera

88 1310 202 1360 occultare,
224 1323 308 1363 prorsus
328 1323 396 1362 neque
415 1310 484 1351 dicere
501 1324 569 1363 neque
588 1311 656 1351 facere
676 1311 784 1362 quicquam
806 1298 866 1363 pensi

88 1380 182 1420 habebat.
214 1382 259 1420 erat
269 1379 288 1420 ei
299 1393 344 1420 cum
358 1380 433 1420 Fulvia
447 1380 532 1421 muliere
547 1381 609 1421 nobili
625 1380 690 1433 stupri
705 1385 766 1420 retus
782 1393 865 1420 consue·
878 1383 888 1417 3

88 1450 146 1500 tudo,
162 1450 250 1490 cuicum
266 1450 332 1490 miuus
342 1452 415 1502 gratus
426 1451 487 1499 esset,
503 1451 551 1503 qnia
560 1450 629 1504 inopia
643 1451 710 1490 minus
725 1450 796 1502 largiri
811 1452 865 1502 pote-

87 1524 129 1569 rat,
149 1522 234 1572 repente
252 1520 342 1572 glorians
357 1521 422 1560 maria
436 1521 550 1573 montisque
565 1520 658 1574 polliceri
675 1521 742 1573 coepit
756 1522 777 1560 et
792 1519 866 1560 minari

87 1589 190 1642 interdum
205 1589 268 1640 ferro,
287 1590 361 1630 nisibi
377 1590 464 1631 obnoxia
479 1591 541 1641 foret,
560 1593 663 1644 postremo
680 1591 769 1630 ferocius
785 1589 865 1643 agitare

86 1672 147 1712 quam
158 1660 230 1700 solitus
246 1663 296 1700 erat.
327 1665 348 1700 at
363 1660 437 1701 Fulvia
452 1661 572 1701 insolentiae
588 1661 638 1702 Curi
653 1674 715 1701 causa
725 1660 808 1713 cognita
823 1660 889 1700 tale4

86 1730 200 1783 pericnlum
210 1730 240 1770 rei
255 1730 349 1783 publicae
365 1731 420 1771 haud
434 1732 536 1772 occultum
546 1732 623 1781 habuit,
638 1733 676 1772 ced
686 1731 767 1772 sublato
782 1733 864 1771 auctore

111 1857 127 1890 5.
140 1855 212 1899 atacis,
227 1855 282 1892 frilch
294 1856 323 1892 bei
336 1856 368 1892 der
379 1857 439 1893 Hand.
451 1877 474 1882 —
536 1857 567 1893 23.
588 1857 660 1893 renat
671 1856 705 1893 der
716 1855 874 1900 Verlchu'o‘ruug.

86 1924 142 1948 curce
160 1913 233 1958 cocere,
260 1914 296 1950 fich
318 1915 419 1960 angelcgen
437 1915 474 1950 sein
533 1915 564 1952 23.
586 1918 602 1954 1.
613 1914 650 1959 scd,
663 1915 731 1961 knitpft
743 1926 766 1950 an
779 1915 823 1960 Gap.
834 1917 856 1951 21
870 1925 906 1951 an„

86 1972 149 2008 laffen.
510 1994 533 1999 -
550 1966 701 2019 flcyitiis'ctque
718 1973 845 2018 facinoribus,
863 1984 905 2009 von

91 2043 93 2046 ·
510 2032 590 2069 Sohand·
602 2044 620 2068 u.
636 2032 776 2074 Frevelthaten;
793 2032 828 2076 vgl.
842 2033 870 2078 14,
884 2036 904 2067 1..

109 2088 141 2125 22.
160 2092 176 2125 1.
186 2089 287 2133 populares
299 2106 322 2120 =
334 2091 396 2126 socios.
509 2111 533 2117 —
541 2091 610 2136 probri
618 2091 691 2135 pratia,
704 2101 767 2136 wegen
780 2090 812 2127 des
825 2101 849 2126 an
861 2090 898 2125 ihm

507 2150 609 2186 haftenden
621 2149 730 2195 Schimpfes.

110 2208 126 2241 2.
139 2206 187 2250 iride,
200 2206 307 2243 adverbium
314 2207 350 2244 loci
358 2219 381 2243 zu
390 2207 473 2254 cccccc-
531 2212 548 2245 2.
560 2209 641 2252 vocitas,
652 2208 687 2244 uie
701 2209 731 2252 20,
744 2209 755 2243 3
767 2218 835 2243 ccccm
849 2206 899 2253 iape-

84 2264 158 2300 rissect.
174 2284 196 2290 —
211 2269 253 2309 post
265 2266 410 2311 excreationem,
425 2267 474 2302 uach
508 2267 566 2311 11111111,
579 2266 748 2311 Unbcuancigkeir.

87 2323 118 2358 der
131 2323 280 2369 Verwtinsohung
291 2325 350 2361 leincr
364 2325 426 2371 selblt,
442 2326 473 2361 fur
532 2327 550 2363 3.
562 2326 635 2370 srrcprr
652 2328 703 2360 octor
721 2324 843 2369 cousuetudo,
866 2325 899 2360 [eit

86 2381 121 2418 den
133 2382 176 2418 Fall
187 2382 272 2427 namhoc,
290 2383 324 2430 dall
338 2394 358 2420 er
370 2383 407 2420 sein
420 2385 474 2421 Wort
508 2384 581 2429 langero
596 2384 626 2420 eiu
642 2384 762 2429 unzuchtiger
773 2383 862 2428 Umgang.
875 2402 898 2409 -

85 2441 158 2479 breche.
402 2464 413 2488 0
508 2442 899 2489 maricmcrrtisqccpollireri,wie:goldene

509 2502 574 2547 Berge,
582 2502 661 2538 Himmel
668 2502 706 2539 und
713 2502 762 2537 Erde
771 2500 898 2546 verlprcohen.

110 2559 127 2596 3.
141 2556 233 2594 Ciceronis
248 2559 338 2595 icciclicm
355 2559 419 2604 leciri,
439 2560 474 2608 dati
509 2587 531 2593 -
544 2563 561 2596 et
573 2560 650 2604 minari,
667 2561 712 2597 aber
727 2560 774 2597 auch
786 2571 810 2596 zu
822 2560 898 2597 drohen.

85 2627 128 2652 man
144 2616 180 2652 den
192 2617 233 2664 Hajt
249 2628 307 2663 gagen
319 2618 383 2654 Cicero
395 2619 474 2656 mildern
510 2639 533 2644 —
544 2618 625 2660 ferocius
637 2620 713 2665 opilare,
725 2619 815 2664 troiziger
827 2620 878 2655 thun.

85 2675 190 2712 1111111111-
204 2680 275 2721 postea,
292 2677 340 2713 auch
354 2688 390 2713 ron
405 2678 473 2714 kurzer
532 2681 549 2714 4.
562 2678 679 2723 insolentiae,
705 2679 737 2715 des
757 2678 821 2714 bisher
841 2689 898 2724 unge·

85 2734 127 2770 Zeit
143 2735 250 2780 gebraucht.
264 2755 284 2762 -
300 2739 398 2781 comperto,
414 2748 473 2781 genau
508 2738 595 2773 uohnten
619 2738 740 2776 Bcnehmens.
762 2757 785 2764 —
810 2737 899 2773 occultum

84 2793 179 2830 ermittelt.
234 2839 237 2851 Ι
508 2795 581 2841 hausura,
593 2797 663 2834 behielt
671 2798 778 2844 verborgen.
792 2817 812 2823 -
826 2797 900 2833 cartilato
