1872 3089
81 52 110 94 40
365 59 383 88 o.
393 59 494 89 sunausm
504 59 573 88 osusrr

46 162 71 200 32
141 158 199 199 Haee
214 159 276 212 atque
286 158 327 198 alia
342 157 481 198 huiuscemodi
492 170 554 211 saepe
566 158 652 199 dieundo
662 158 771 198 Memmius
786 160 860 213 populo

82 227 195 283 persuadet
209 228 240 268 uti
254 227 278 268 L,
297 226 390 277 Cassius,
411 228 446 280 qui
467 229 511 267 tum
526 231 609 281 praetor
624 231 677 278 erat,
698 229 725 269 ad
739 229 861 281 Iugurtham

82 299 198 339 mitteretur
214 312 301 351 eumque
320 298 441 352 interposita
458 297 499 338 fide
515 298 597 351 publiea
611 298 696 339 Romam
711 299 802 349 duoeret,
822 313 861 352 quo

83 369 162 426 faeilius
178 368 251 409 indioio
268 368 324 422 regis
340 368 412 409 Soauri
430 370 451 408 et
464 368 593 421 reliquorum,
609 383 659 421 quos
674 370 774 423 peouniae
790 371 862 423 oaptae
930 396 932 398 -

61 446 72 478 2
85 441 213 488 aooersebat,
235 438 310 479 delleta
325 438 451 492 patefierent.
483 439 532 478 dum
547 439 598 479 haee
612 438 690 480 Romae
705 441 813 492 geruntur,
828 441 863 492 qui

83 510 105 550 in
115 509 212 549 Numidia
226 509 293 549 relicti
303 521 316 548 a
325 508 397 549 Bestia
407 509 508 548 exeroitui
522 512 639 562 praeerant,
654 510 720 551 seouti
735 523 812 551 morem
827 510 863 550 im·
932 560 933 563 Ἴ

62 579 184 634 3peratoris
205 579 236 618 sui
255 579 349 631 pluruma
368 580 389 618 et
406 579 573 631 flagitiosissuma
591 580 680 620 facinora
702 581 775 620 fecere.
805 581 863 620 fuere
932 607 934 609 -

86 650 121 703 qni
136 662 185 690 auro
202 649 291 702 corrupti
307 649 426 702 elephantos
444 649 558 701 Iugurthae
577 651 693 699 traderent,
716 651 750 690 alii
765 651 863 704 perfugas

62 720 182 769 evendere,
198 732 246 773 pars
261 733 289 759 ex
303 719 381 772 poeatis
393 721 482 773 praedas
498 720 596 771 agebant:
612 723 671 760 tanta
685 721 717 761 vis
732 721 830 762 avaritiae
843 721 864 760 in

63 789 163 831 5animos
179 802 249 830 eorum
264 790 329 829 veluti
344 790 402 829 tabes
417 790 527 831 invaserat.
559 793 580 829 at
591 788 673 831 cassius
689 793 771 844 praetor
785 791 865 844 perlata

86 860 192 912 rogatione
208 872 220 899 a
231 859 252 901 O.
263 859 358 900 Memmio
374 872 398 900 ae
413 859 508 913 perculsa
519 858 573 899 omni
587 860 693 900 nobilitate
706 861 733 901 ad
743 861 865 913 Iugurtham

87 930 222 984 proficiscitur
237 929 298 982 eique
312 926 383 970 timido
399 932 463 970 etex
479 929 602 970 oousoieutia
620 930 720 971 diffidenti
732 932 802 986 ‘rebus
823 931 865 971 suis
931 949 933 977 ς

87 1001 208 1054 persuadet,
228 1000 322 1053 quoniam
344 1013 366 1040 se
381 1000 455 1053 populo
473 999 566 1039 Romano
582 999 683 1050 dedisset,
702 1013 729 1040 na
750 1000 791 1041 vim
806 1015 866 1054 quam

88 1069 249 1110 misericordiam
270 1070 315 1110 eius
336 1069 426 1123 experiri
453 1069 529 1109 mallet.
557 1069 653 1122 privatim
675 1072 783 1123 praeterea
804 1071 867 1112 fidem

89 1153 147 1180 suam
162 1140 282 1193 interponit,
298 1153 358 1192 quam
373 1140 408 1180 ille
423 1153 464 1180 non
478 1140 562 1179 minoris
578 1153 638 1192 quam
656 1141 759 1194 publicam
770 1141 866 1182 ducebat:

54 1214 78 1251 33
90 1210 137 1250 talis
148 1223 173 1250 ea
188 1212 310 1264 tempestate
320 1211 373 1250 fama
389 1211 415 1250 de
426 1209 496 1251 Cassio
512 1214 561 1250 erat.
591 1210 655 1262 igitur
674 1210 867 1264 Iugurthaoontra
887 1234 889 1236 ·

91 1281 153 1320 deous
174 1281 254 1333 regium
278 1280 333 1321 oultu
356 1293 416 1333 quam
435 1292 530 1320 maxume
546 1269 656 1320 miserabili
678 1294 723 1320 oum
739 1281 809 1323 Cassio
828 1282 867 1322 Ro·

67 1356 143 1391 2mam
158 1349 221 1390 venit.
247 1362 271 1390 ao
281 1350 363 1390 tametsi
377 1350 398 1389 in
413 1349 457 1403 ipso
469 1363 544 1402 magna
558 1350 589 1389 vis
600 1350 661 1390 animi
672 1352 721 1398 erat,
738 1351 868 1392 confirmatus

91 1422 116 1462 ab
127 1421 226 1470 omnibus,
242 1434 327 1473 quorum
341 1420 432 1474 potentia
443 1422 479 1460 aut
490 1421 568 1461 scelere
580 1427 652 1461 ouneta
663 1434 688 1460 ea
699 1425 799 1474 gesserat,
815 1435 868 1474 quae

91 1504 153 1544 supra
169 1491 263 1541 diximus,
268 1542 274 1546 .
276 1490 529 1545 §.Quamobrem
535 1491 600 1544 plebis
612 1504 686 1544 magna
699 1493 793 1532 mercede
804 1494 868 1546 parat,

57 1629 144 1665 aa-ao.
168 1628 264 1673 Iugurtha
275 1628 325 1665 wird
336 1628 386 1664 naelr
397 1628 446 1664 Rom
481 1633 552 1665 traueu.
565 1628 687 1674 -quoeiam
701 1638 720 1663 se
732 1626 819 1671 dedisset,
835 1628 870 1673 vgl,

75 1687 190 1730 uorgeladen
201 1687 241 1722 und
252 1688 302 1723 toret
313 1687 356 1724 hier
366 1687 430 1723 [einen
481 1690 510 1723 29.
523 1690 540 1723 5.
553 1707 576 1713 —
584 1686 681 1732 privatior,
693 1687 723 1722 fur
735 1687 783 1722 seine
796 1686 869 1722 Person.

139 1745 267 1783 remaneam
277 1745 364 1782 Mardus.
483 1766 505 1771 —
517 1745 570 1790 fidem
588 1755 641 1780 seram
657 1744 767 1790 interponit,
786 1755 807 1780 er
825 1744 871 1779 [etat

81 1828 112 1866 32.
121 1832 136 1864 1.
148 1828 383 1873 irrterpositefidepubliee,
392 1832 447 1864 unter
482 1804 520 1840 sein
532 1805 586 1840 ΨΜ
599 1804 634 1839 eiss'

58 1888 182 1932 Zulieherung
194 1887 225 1923 des
235 1886 353 1923 offentliohen
362 1887 447 1923 Geleites.
506 1886 537 1922 33.
552 1889 567 1921 1.
576 1888 640 1921 contre
649 1885 703 1920 decus
710 1884 786 1930 replum,
799 1884 827 1920 als
834 1885 871 1919 A'n·

58 1966 81 1972 —
100 1956 199 1991 accersere,
217 1947 314 1991 belongeu.
334 1966 357 1972 -
378 1956 447 1990 cepere,
484 1944 625 1991 gelehuldigter,
638 1943 671 1979 der
678 1943 727 1979 nsoh
735 1943 776 1979 dem
783 1943 831 1978 Rata
839 1943 872 1979 des

58 2006 93 2041 wie
105 2005 295 2050 ocotperepeeuetrrm,
308 2005 448 2040 liohbeltechen
485 2004 552 2040 Gallius
573 2003 606 2038 das
624 2002 698 2038 Mitleid
719 2002 751 2037 des
771 2001 873 2037 rtmilohen

58 2064 120 2100 latren.
484 2062 554 2098 Volkes
567 2062 618 2098 luelrt
631 2061 669 2096 und
677 2060 753 2097 ueshalo
761 2060 797 2095 alle
808 2059 873 2105 konigss

83 2124 99 2158 5.
115 2122 191 2167 perlata
214 2121 315 2167 ropetieee.
345 2121 383 2156 Der
402 2119 449 2155 Vor·
485 2121 546 2156 lichen
557 2120 663 2156 Abneiehen
676 2119 762 2164 abgelegt
774 2119 812 2155 hat.
835 2120 873 2164 „Im

59 2181 138 2217 litzende
161 2181 181 2216 in
205 2179 238 2216 der
258 2178 450 2223 Volksversammlung
486 2179 588 2224 Gegenl'atz
603 2190 626 2214 zu
637 2178 678 2214 dem
689 2178 747 2214 eiuem
759 2177 831 2222 Konige
844 2179 873 2223 ge·

59 2240 120 2285 frsgte
133 2239 231 2275 das-Volk:
242 2238 302 2274 uetitis
314 2237 393 2273 lubeatis
405 2237 449 2282 ortt·
484 2237 591 2274 ziemenden
598 2236 807 2273 Erleheinen.“--sulte
819 2246 874 2281 quem

60 2299 114 2342 νῆες,-
127 2309 148 2334 er
160 2298 237 2334 braehte
249 2296 450 2341 alsoeineropate'oan
485 2296 562 2332 oreatree
574 2294 682 2339 miserabili,
694 2294 816 2340 inmogliehrt
823 2294 875 2340 klag-
923 2287 924 2291 ¹

61 2357 94 2392 das
114 2357 169 2392 Volk.
193 2356 256 2392 Dieles
277 2359 397 2392 antwortste:
421 2354 450 2389 ert
485 2352 876 2399 lioherKleiduugwieeinAngsklagter.

61 2426 123 2462 reyes,
136 2415 173 2451 und
186 2415 243 2451 damit
251 2425 288 2450 war
301 2414 330 2449 die
341 2413 413 2458 roperto
422 2424 450 2448 er·
510 2416 527 2449 2.
539 2423 606 2457 propero
623 2412 651 2447 eis
663 2411 730 2453 animi,
749 2410 830 2446 ntmlioh
845 2421 876 2446 um

62 2475 120 2519 ledigt
133 2474 231 2519 (perlate),
244 2473 260 2509 d.
272 2474 291 2508 h.
299 2484 340 2508 zum
349 2471 412 2508 Geletu
420 2482 450 2516 ge·
487 2473 523 2509 den
543 2482 601 2516 gegeu
621 2470 653 2506 ihu
673 2469 821 2514 vorgebraohten
839 2471 876 2503 Au·

15 2530 17 2532 ’
62 2533 141 2568 worden.
155 2530 451 2578 ,Naehdemderamraguumh-
486 2530 630 2574 lohuldigungen
649 2531 828 2572 entgegenzutreten.
854 2546 876 2553 -

62 2592 131 2636 geletzt
142 2591 180 2627 und
193 2591 276 2626 daduroh
289 2590 321 2625 der
334 2600 391 2635 ganza
404 2589 451 2624 Adel
483 2591 549 2634 parat,
562 2588 624 2633 bringt
637 2587 669 2622 ilm
681 2585 714 2621 auf
724 2585 773 2621 seina
787 2585 841 2621 Seite.
854 2604 877 2610 -—

62 2651 82 2686 in
95 2651 199 2686 Sohreoken
216 2650 294 2686 verletzt
309 2648 384 2684 worden
396 2647 451 2684 war.“
488 2648 511 2683 ab
524 2646 611 2691 omuibus,
625 2646 824 2690 quorum—pessare.
843 2644 877 2693 Die

62 2729 86 2735 -
94 2709 209 2752 conscientie,
224 2707 407 2753 Selruldbewulltlein²
420 2706 452 2741 bo·
488 2706 521 2741 mit
534 2705 569 2741 den
582 2703 716 2740 Verh'altnilsen
728 2702 747 2736 in
760 2701 806 2737 Rom
819 2712 878 2747 geuau

63 2768 91 2803 les
99 2766 325 2810 Geuillen.-dif(ictere,
338 2766 389 2801 nieht
400 2765 453 2800 recht
488 2764 596 2800 bekannten
615 2762 721 2808 Optimateu
745 2760 823 2796 trauten'
845 2760 889 2796 der*
