1872 3089
88 43 115 83 96
371 50 388 78 o.
399 49 501 78 sannusri
511 49 580 78 cu1s1>1

87 148 194 200 quaerenti
209 148 359 199 egentissumus
380 147 467 199 quisque
482 147 678 199 opportunissumus,
698 147 731 187 oui
745 160 812 200 neque
827 160 866 187 sua

88 230 148 257 curae
164 217 239 271 quippe
250 230 302 269 quae
317 217 374 257 nulla
389 221 443 266 suut,
457 219 479 257 et
489 216 556 257 omnia
566 229 613 257 cum
622 217 688 271 pretio
698 217 784 258 honesta
793 218 865 258 viden-

63 291 127 327 4tur.
158 288 221 340 igitur
242 287 320 327 Marius
339 293 387 328 'cum
410 287 513 339 aliquanto
534 287 610 327 maiore
634 301 727 338 numero,
749 301 810 340 quam
831 288 865 328 de-

87 360 165 398 cretum
176 361 227 407 erat,
241 357 263 396 iu
271 357 362 396 Africam
372 356 476 410 profectus
485 357 557 409 paucis
566 358 644 397 >diebus
654 357 735 400 Uticam
750 357 864 397 advehitur.

64 433 75 466 ε’)
88 428 191 467 exercitus
202 427 221 466 ei
231 427 320 466 traditur
330 439 342 466 a
352 425 375 467 P.
385 426 463 466 Rutilio
473 427 547 479 legato.
570 440 617 467 nam
627 427 725 467 Metellus
734 430 865 482 conspectum

87 497 141 537 Mari
158 497 249 549 fugerat,
264 510 291 536 ne
309 496 391 537 videret
406 509 430 536 ea
445 508 498 548 quac
513 496 584 537 audita
599 498 678 537 animus
693 498 781 538 tolerare
795 497 866 550 nequi-

52 570 153 607 siverat.
188 568 226 607 sed
245 567 316 607 consul
336 566 424 620 expletis
443 566 557 619 legionibus
577 567 734 620 cohortibusque
753 567 865 608 auxiliariis

88 638 108 677 in
131 650 203 689 agrum
222 637 310 677 fertilem
329 640 350 676 et
368 637 445 689 praeda
467 641 562 676 onustum
583 637 727 690 proficiscitur,
750 638 816 678 omnia
836 636 864 678 ibi

88 714 148 761 capta
158 707 255 746 militibus
266 707 333 756 donat,
345 707 392 746 dein
403 707 488 746 castella
498 709 519 747 et
534 707 608 760 oppida
618 712 691 759 natura
702 710 723 748 et
734 708 783 748 viris
793 721 865 761 parum

87 778 165 818 munita
180 777 306 829 aggreditur,
321 776 399 829 proelia
413 776 483 826 multa,
499 779 591 816 ceterum
606 777 669 827 levia,
689 778 729 817 alia
750 778 795 818 aliis
814 778 864 817 locis

64 850 161 888 2facere.
191 847 273 887 interim
289 847 337 886 noui
352 846 427 896 milites
443 846 487 885 sine
507 849 565 886 metu
584 860 667 900 pugnae
688 848 772 897 adesse,
793 847 865 887 ridere

87 917 185 970 fugientis
200 917 247 969 capi
257 919 293 956 aut
302 916 372 964 occidi,
386 916 526 955 fortissumum
541 929 641 969 quemque
651 917 788 966 tutissumum,
803 917 865 957 armis

87 988 204 1028 libertatern
218 988 304 1040 patriam
319 989 457 1039 parentesque
471 990 492 1025 et
502 985 541 1026 aha
552 986 618 1025 omnia
633 987 682 1039 tegi,
702 987 788 1038 gloriam
804 982 865 1040 alque

66 1057 171 1096 3diritias
192 1057 268 1109 quaeri.
300 1057 329 1095 sic
347 1056 406 1096 brevi
429 1056 493 1109 spatio
516 1047 564 1096 ucri
587 1061 709 1109 veteresque
729 1057 823 1098 coaluere
844 1060 866 1097 et

66 1127 156 1166 rurrus
175 1127 263 1166 omnium
283 1126 374 1178 aequalis
394 1127 454 1166 facta.
484 1130 505 1165 at
524 1138 585 1178 reges
604 1126 639 1165 ubi
658 1127 683 1165 de
703 1128 793 1166 adventu
811 1127 865 1167 Mari

90 1201 237 1250 cognoverunt,
249 1196 325 1236 divorsi
336 1197 357 1235 in
372 1196 427 1236 locos
443 1195 531 1235 difficilis
542 1197 623 1235 abeunt.
654 1197 682 1236 ita
692 1195 806 1249 Iugurthae
821 1197 865 1250 pla-

90 1274 160 1307 cuerat
173 1267 264 1320 speranti
276 1279 325 1305 mcx
339 1265 414 1305 effusos
430 1265 494 1305 hostis
509 1265 579 1305 invadi
594 1279 664 1319 posse,
684 1266 786 1306 Romanos
805 1267 866 1306 sicuti

54 1339 78 1375 88
90 1338 200 1391 plerosque
215 1339 292 1376 remoto
307 1339 363 1376 metu
378 1335 445 1375 laxius
461 1336 595 1388 licentiusque
610 1336 695 1376 futuros.
724 1336 822 1380 Metellus
837 1338 865 1377 in·

89 1413 146 1447 terea
165 1407 251 1446 Romam
270 1407 374 1459 profectus
397 1408 467 1445 contra
488 1418 546 1458 spem
567 1417 625 1444 suam
647 1406 771 1445 laetissumis
794 1407 866 1447 animis

89 1478 197 1530 accipitur,
215 1477 270 1530 plebi
284 1477 427 1530 patribusque,
445 1478 553 1528 postquam
568 1475 645 1515 inuidia
661 1477 788 1527 decesserat,
806 1478 866 1517 iuxta

65 1552 76 1585 2
90 1560 155 1588 carus.
185 1548 223 1586 sed
236 1546 315 1586 Marius
330 1546 417 1599 impigre
431 1546 584 1599 prudenterque
599 1558 682 1585 suorum
697 1550 718 1586 et
733 1546 820 1586 hostium
832 1560 866 1587 res

54 1708 87 1733 aus
105 1697 139 1732 den
156 1697 235 1732 lctztern
250 1696 305 1730 keiue
317 1693 441 1737 Uutaugliche
476 1694 508 1737 llo,
522 1694 580 1730 durch
588 1694 656 1729 welche
669 1694 698 1730 die
711 1705 770 1730 neuen
778 1694 866 1731 soldaten

53 1756 169 1801 ausgehoben
181 1754 242 1789 haben
254 1753 311 1797 wird,
326 1753 345 1787 lo
360 1752 398 1787 lind
412 1752 440 1787 die
477 1753 512 1787 erlt
524 1752 609 1797 gewohut
621 1752 695 1789 werden
707 1752 787 1799 mquteu.

53 1815 97 1849 burri
109 1814 137 1848 die
150 1811 441 1856 denvermugensklauenhnge-
500 1811 517 1845 4.
531 1810 605 1855 dtocrsr',
619 1812 667 1846 nach
680 1811 819 1847 verschiedenen
827 1811 866 1847 Sei·

53 1874 140 1916 hdrigen,
157 1878 211 1906 unter
227 1871 309 1906 welchen
324 1870 394 1904 Marius
409 1879 441 1903 au·
476 1868 865 1913 ten-difficilis,furdenrerfolgendeu.
903 1889 905 1893 ·

54 1931 128 1975 gehlich
139 1930 209 1974 wenige
222 1927 305 1963 vorfand.
318 1947 341 1951 —
354 1929 441 1971 orporea
478 1946 500 1952 -
513 1927 580 1970 effusos
592 1946 615 1951 -
624 1937 688 1971 posse,
705 1926 740 1972 dall
753 1927 782 1963 die
794 1928 866 1964 Feinde

53 1990 155 2031 cessamus,
181 1988 213 2022 der
237 1987 266 2021 sur
288 1985 350 2020 [einen
374 1984 442 2020 ereck
477 1985 514 2020 fich
529 1985 632 2020 zerltreuen
650 1984 734 2028 uurdeu,
752 1987 790 2021 und
805 1987 824 2022 lo
843 2005 866 2011 -

53 2045 188 2083 brauchbarite.
204 2065 224 2070 —
244 2044 339 2086 uideretur,
356 2043 405 2078 noch
417 2053 441 2077 zu
477 2043 564 2078 lro'nnten.
582 2063 605 2068 -
623 2042 715 2078 morasus
725 2044 811 2089 futuros,
830 2045 865 2080 Er-

53 2107 89 2144 cal,
102 2125 124 2131 —
138 2104 200 2139 omnia
212 2102 325 2146 sumeretis,
338 2100 390 2143 alles,
403 2110 440 2136 was
477 2101 577 2146 lauterung
594 2112 618 2136 zu
637 2101 705 2145 effusos
723 2121 746 2127 —
762 2112 822 2145 posse.
842 2121 867 2127 -

53 2165 87 2199 mit
100 2163 175 2199 Gewinn
188 2160 293 2196 verbunden
305 2159 331 2194 iu.
476 2159 530 2194 sicuti
536 2159 638 2204 plerosque,
651 2160 685 2195 wie
694 2159 723 2195 die
731 2160 806 2195 meilten
814 2160 864 2195 Men·

78 2224 94 2258 5.
107 2222 188 2266 fugerat,
200 2220 251 2256 hatte
263 2218 365 2262 gemieden.
476 2218 535 2252 ichen.
556 2236 577 2242 -
598 2217 661 2252 lautus
680 2217 808 2263 licentiusque,
829 2218 866 2264 vgl.

477 2278 505 2310 14.
515 2280 543 2312 11.
555 2275 622 2318 lautus,
635 2275 713 2318 inbezug
721 2274 755 2309 auf
766 2276 800 2311 deu
809 2276 865 2311 Ober?

78 2338 108 2374 87.
123 2341 138 2372 1.
151 2336 213 2372 durrat.
237 2336 281 2371 Dies
299 2334 381 2380 gelchah
399 2342 442 2368 aus·
478 2333 539 2369 beleb]
557 2334 598 2377 (uie
615 2335 642 2369 64.
660 2334 670 2368 5
686 2333 758 2368 leuiore
773 2333 866 2379 inperio),

53 2395 258 2440 nahmswcile,zumeilt
266 2394 314 2428 nach
322 2392 443 2436 uruurmung
478 2393 561 2428 locherer
573 2392 666 2436 gehalten,
679 2392 770 2435 licentius,
787 2392 867 2437 inbezug
880 2408 885 2419 =

55 2457 104 2491 einer
127 2453 185 2489 stadt.
210 2452 263 2488 llach
288 2451 321 2486 der
341 2450 442 2485 romilcuen
478 2451 557 2487 aufden
570 2451 628 2486 dauon
641 2450 738 2486 Gehrauch
753 2450 867 2487 machenden

54 2512 207 2557 Kriegsordnung
224 2510 255 2545 fiel
274 2510 319 2545 alles
338 2508 442 2544 Erbeutete
478 2509 571 2553 Soldaten,
583 2508 691 2553 zugelloler.
862 2509 863 2512 ’

54 2571 99 2606 oder
115 2571 147 2606 der
159 2570 215 2605 Erlbs
231 2569 299 2604 darana
316 2567 358 2602 dem
371 2567 441 2602 Staats-

54 2630 114 2665 lehatz
126 2640 154 2663 zu.
167 2648 190 2652 -
201 2630 278 2662 ceterum
290 2626 343 2669 leuia,
355 2625 442 2669 ubrigens
502 2625 533 2661 88.
547 2629 562 2661 1.
577 2629 676 2670 postquem
694 2625 811 2667 discesserat,
831 2624 868 2669 vgl.

54 2699 89 2723 nur
102 2687 175 2722 leichte.
479 2687 507 2722 11.
520 2687 537 2719 2.

78 2749 95 2781 2.
107 2744 187 2788 iuterim,
199 2742 339 2787 mitbezugauf
350 2743 379 2778 die
389 2752 443 2786 proe-
502 2744 519 2779 2.
539 2741 616 2786 irqoigre
633 2740 778 2785 prudenterque,
802 2740 868 2777 rattlos
