1872 3089
255 166 285 194 on
293 164 363 194 annno
372 163 505 194 iocanramo
515 163 532 193 c.
542 165 601 193 11-11.
790 155 818 195 75

40 263 156 317 compositis
171 263 226 304 inter
241 276 264 303 se
281 263 343 303 rebus
363 262 385 302 in
404 262 459 303 diem
472 262 556 301 tertium
574 262 709 311 constituunt,
731 260 786 314 qnod
800 260 819 299 is

40 336 105 375 festus
116 334 272 385 celebratusque
282 346 320 386 per
330 346 410 373 omnem
417 332 509 372 Africam
523 333 595 372 ludum
605 334 627 372 et
636 331 743 372 lasciviam
752 331 819 383 magis

40 416 101 458 quam
115 403 245 444 formidinem
262 404 383 443 ostentabat.
414 402 452 442 sed
466 402 502 442 ubi
524 405 604 455 tempus
619 402 667 453 fuit,
688 401 842 442 contariones3

38 475 173 526 ‘tribunosque
189 473 283 514 militaris
303 476 324 513 et
341 473 408 526 ipsum
427 469 554 526 praefectum
573 472 641 526 oppidi
662 473 685 512 Τ.
705 471 820 525 Turpilium

42 545 133 586 Silanum
155 543 206 583 alius
227 543 288 583 alium
309 543 378 583 domos
397 554 445 582 suas
469 542 562 582 invitant.
593 543 717 585 eosomnis
736 544 819 596 praeter

41 613 154 667 Turpilium
173 613 227 654 inter
242 614 313 667 epulas
329 614 456 653 obtruncant.
486 616 558 665 postea
572 612 647 652 milites
667 612 755 665 palantis
766 612 819 652 iner-

41 697 90 734 mes,
105 683 181 736 quippe
191 683 212 722 in
222 683 259 723 tali
275 683 308 722 die
318 696 342 723 ac
352 683 397 723 sine
407 682 498 735 imperio,
509 682 664 734 aggrediuntur.
682 682 736 721 idem
747 682 818 734 plebes
831 688 843 722 4

41 755 95 804 tacit,
109 746 158 807 pars
174 753 241 794 edocti
256 754 281 792 ab
297 753 409 802 nobilitate,
430 753 465 792 alii
480 753 548 792 studio
564 753 635 792 talium
650 765 719 791 rerum
735 751 820 800 incitati,

42 824 86 877 quis
102 826 148 864 acta
167 823 314 875 consiliumque
333 822 474 875 ignorantibus
489 823 588 862 tumultus
607 823 652 876 ipse
668 825 689 862 et
704 835 738 862 res
753 834 820 861 novae

42 894 92 934 satis
101 894 215 946 placebant.
245 893 334 933 Romani
345 893 427 942 milites,
442 893 551 946 improviso
561 898 618 932 metu
628 892 705 936 incerti
711 892 820 945 ignarique
832 896 855 932 67

43 965 92 1017 quid
106 964 240 1017 potissumum
259 965 358 1013 facerent,
379 964 490 1016 trepidare.
518 976 586 1003 arcem
601 963 681 1016 oppidi,
704 963 739 1003 ubi
760 962 820 1014 signa

43 1039 63 1074 et
82 1037 140 1074 scuta
161 1037 230 1084 erant,
245 1033 370 1087 praesidium
385 1034 482 1084 hostium,
502 1036 573 1086 portae
589 1038 637 1074 ante
652 1035 734 1074 olaasae
749 1033 820 1084 fugam

42 1105 180 1158 prohibebant.
211 1104 238 1144 ad
258 1105 295 1143 hoc
315 1093 525 1156 mulieres'puerique
542 1117 580 1157 pro
600 1104 659 1143 tectis
681 1103 820 1143 aedificiorum

43 1187 94 1214 saxa
109 1179 130 1214 et
148 1174 189 1214 alia
211 1187 264 1227 quae
278 1175 335 1214 locus
349 1175 462 1227 praebebat
482 1174 574 1214 certatim
593 1175 680 1213 mittere.
709 1174 738 1213 ita
754 1179 844 1225 neque2

44 1244 112 1284 caveri
131 1257 206 1297 anceps
229 1245 305 1284 malum
325 1257 393 1296 neque
414 1257 427 1283 a
443 1243 566 1283 fortissumis
586 1243 730 1283 infirmissumo
749 1243 821 1294 generi

43 1313 112 1353 resisti
127 1326 197 1367 posse:
215 1313 274 1353 iuxta
289 1314 336 1353 boni
351 1313 440 1366 malique
460 1314 539 1353 strenui
558 1315 579 1353 et
600 1313 693 1352 imbelles
713 1313 773 1352 inulti
788 1313 822 1352 ob-

44 1384 139 1423 truncari.
159 1383 191 1439 „in
206 1396 231 1422 ea
245 1386 303 1423 tanta
322 1384 433 1436 asperitate
453 1383 586 1423 saevissumis
601 1383 695 1423 Numidis
711 1388 732 1422 et
747 1382 821 1435 oppido
834 1389 844 1422 3

44 1453 135 1505 undique
156 1452 225 1492 clauso
248 1452 352 1505 Turpilius
371 1453 488 1505 praefectus
508 1466 561 1492 unus
581 1466 608 1492 ex
632 1453 723 1492 omnibns
742 1451 821 1492 italicis

44 1524 133 1562 intactus
148 1522 244 1575 profugit.
274 1522 296 1561 id
310 1522 475 1562 misericordiane
485 1523 571 1575 hospitis
582 1535 608 1562 an
618 1524 711 1575 pactione
722 1525 758 1562 aut
773 1534 822 1561 casu

44 1594 74 1633 ita
84 1592 177 1632 evenerit
186 1604 258 1645 parum
269 1592 414 1645 comperimus:
429 1592 474 1642 nisi,
490 1594 538 1644 quia
550 1592 581 1631 illi
590 1593 612 1631 in
621 1596 678 1632 tanto
688 1592 741 1632 malo
757 1591 822 1644 turpis

44 1662 87 1701 vita
101 1662 183 1713 integra
197 1661 251 1701 fama
266 1661 332 1714 potior
347 1661 391 1711 fuit,
407 1663 510 1714 improbus
525 1662 689 1714 intestabilisque
704 1662 793 1701 videtur.

46 1810 168 1853 eoastitaaat,
185 1810 209 1845 [ie
221 1810 283 1845 ietzen
296 1809 330 1845 den
343 1809 435 1854 hnlohlag
468 1810 676 1854 praececinimus
687 1809 858 1846 11οηῦ16111111.-

45 1868 83 1905 felt.
102 1887 125 1892 —
142 1867 232 1911 formido,
255 1868 284 1903 die
304 1867 363 1903 durch
382 1868 435 1904 einen
470 1868 649 1911 1111111111,1111111111
662 1868 691 1903 die
704 1868 774 1903 Wette.

46 1926 156 1970 plotzlichen
176 1926 305 1962 Zwilohenfall
328 1925 434 1971 veranlajlte
493 1929 511 1961 2.
523 1936 591 1970 anceps
602 1926 676 1970 malain,
693 1926 723 1961 die
735 1926 815 1961 Abwehr
826 1925 860 1961 lei·

46 1984 127 2029 Furem,
147 1984 216 2020 welche
236 1984 384 2029 augenblicklioh
406 1984 435 2019 die
470 1989 512 2020 tens
526 1974 649 2020 derldanner
665 1984 704 2020 und
716 1984 749 2020 der
761 1982 860 2028 Veriehluss

47 2042 149 2087 Belinnung
164 2053 207 2077 aum
224 2042 311 2078 Handeln
330 2043 391 2078 raubt.
411 2062 434 2067 —
471 2042 504 2077 der
516 2042 583 2086 Thore,
601 2043 684 2078 daneben
697 2042 729 2078 der
742 2041 816 2086 Angriff
827 2041 860 2077 der

47 2100 434 2144 ostentabat,inAuinohtltellteerwarten
470 2100 861 2144 WeiberundKinder‚-iaata,ingleioher

47 2157 88 2204 lieJl.
101 2158 157 2192 —ia
168 2157 203 2192 tali
215 2157 250 2200 alie,
263 2158 308 2192 heht
316 2159 349 2193 wie
361 2158 380 2192 in
391 2162 433 2193 tem·
470 2158 535 2194 Weise.
560 2152 641 2194 iihnlich
653 2160 678 2194 im
691 2159 814 2194 Volksmund:
828 2168 860 2203 „es

45 2216 159 2259 parantem
172 2215 201 2251 die
209 2215 330 2261 Beitimmung
342 2216 374 2251 der
386 2216 435 2261 Zeit,
469 2218 503 2252 hat
523 2217 583 2253 neben
599 2218 687 2253 einander
705 2216 755 2252 ieil“.
776 2236 797 2241 -
816 2216 861 2251 boui

47 2274 125 2310 londern
138 2274 171 2309 der
183 2273 308 2309 Verhaitnilse
319 2274 391 2309 hervor.
470 2274 549 2319 malique
561 2275 632 2310 strenui
640 2274 749 2319 etimbetles
762 2275 792 2310 die
804 2279 861 2320 guten

71 2335 88 2369 4.
103 2332 160 2376 ideas,
181 2332 213 2368 das
231 2332 330 2376 ntimliche,
349 2332 383 2367 wie
400 2332 434 2375 die,
470 2334 508 2368 und
515 2333 621 2369 iohlechten
629 2333 724 2377 Solamen,
737 2334 766 2369 die
774 2334 862 2377 rhhrigen

47 2390 116 2426 welche
135 2390 164 2425 die
176 2390 244 2426 Romer
256 2402 280 2425 zu
292 2389 345 2425 caci
357 2390 435 2433 geladen
471 2391 509 2427 und
520 2391 587 2435 feigen.

47 2448 435 2493 hatten.-staalioiacitati,ausNeigung‚
494 2452 511 2485 3.
523 2451 545 2484 ia
556 2460 577 2484 ea
589 2453 644 2485 taata
653 2449 757 2493 asperitate,
770 2449 790 2483 in
803 2448 862 2484 dieser

49 2507 137 2542 erlautert
153 2507 211 2543 durch
226 2508 267 2551 qais
280 2525 301 2530 -
315 2507 361 2542 satis
376 2507 436 2551 piace·
471 2508 489 2543 io
502 2508 594 2544 schweren
606 2507 789 2551 Lege-pactione,
803 2507 862 2541 durch

48 2566 97 2600 bant.
111 2585 133 2590 —
148 2565 252 2609 comitiam,
272 2565 300 2601 die
313 2566 387 2602 Abiicht
403 2566 436 2601 der
471 2567 513 2601 eine
521 2567 647 2609 Ahmachung.
660 2585 683 2591 -
695 2569 729 2600 aut
741 2575 791 2607 casa,
805 2565 862 2601 bildet

48 2627 78 2659 cat
92 2651 95 2658 .
471 2625 506 2659 mit
514 2624 606 2669 poeticae,
620 2625 654 2659 den
663 2623 765 2668 Gegenlatz
777 2634 801 2659 zu
809 2624 861 2658 misc·

72 2682 103 2718 67.
117 2686 132 2717 1.
145 2681 243 2725 improviso
256 2684 309 2724 meta,
322 2681 392 2725 infolge
405 2681 437 2716 der
472 2683 560 2718 1110111111.
592 2684 629 2718 Der
654 2682 700 2717 erIte
723 2681 818 2726 Frageteil
841 2682 863 2716 iia

47 2744 183 2776 nnerwarteten
193 2741 333 2786 Beangiiigung.
346 2760 366 2766 -
379 2740 437 2785 trepi—
473 2741 574 2786 „Mitleid“,
595 2742 627 2776 der
647 2741 712 2776 zweite
731 2732 862 2786 „Abmachung

49 2797 99 2842 dara>
111 2799 200 2843 angItlich
207 2800 247 2834 hin·
260 2799 297 2834 und
305 2799 408 2834 herlaufen.
415 2818 437 2824 —
474 2799 518 2834 oder
525 2799 604 2835 Zufall.“
618 2803 652 2834 aut
664 2799 708 2834 oder
721 2799 774 2835 auch.
788 2818 810 2823 -
818 2798 862 2842 nisi,

49 2866 143 2890 arcem=
156 2857 281 2902 denZugang
298 2869 332 2893 zur
344 2858 401 2902 Burg.
414 2877 437 2882 -
472 2857 507 2902 vgl.
524 2860 553 2893 24.
568 2859 584 2893 5.
606 2878 628 2884 -
649 2856 805 2903 intestabilem,
823 2868 869 2907 wer·
