<?xml version="1.0" encoding="UTF-8"?>
<!DOCTYPE html PUBLIC "-//W3C//DTD XHTML 1.0 Transitional//EN"
    "http://www.w3.org/TR/xhtml1/DTD/xhtml1-transitional.dtd">
<html xmlns="http://www.w3.org/1999/xhtml" xml:lang="en" lang="en">
 <head>
  <title>
</title>
<meta http-equiv="Content-Type" content="text/html;charset=utf-8" />
  <meta name='ocr-system' content='tesseract 3.04.00' />
  <meta name='ocr-capabilities' content='ocr_page ocr_carea ocr_par ocr_line ocrx_word'/>
</head>
<body>
  <div class='ocr_page' id='page_1' title='image "MN40038ucmf_3_0155.png"; bbox 0 0 1872 3089; ppageno 0'>
   <div class='ocr_carea' id='block_1_1' title="bbox 259 151 818 192">
    <p class='ocr_par' dir='ltr' id='par_1_1' title="bbox 259 151 818 192">
     <span class='ocr_line' id='line_1_1' title="bbox 259 151 818 192; baseline 0.004 -2"><span class='ocrx_word' id='word_1_1' title='bbox 259 161 288 189; x_wconf 83' lang='lat' dir='ltr'>DE</span> <span class='ocrx_word' id='word_1_2' title='bbox 297 162 367 191; x_wconf 48' lang='lat' dir='ltr'>Baiano</span> <span class='ocrx_word' id='word_1_3' title='bbox 376 162 510 191; x_wconf 79' lang='lat' dir='ltr'>IUGURTHINO</span> <span class='ocrx_word' id='word_1_4' title='bbox 520 161 538 190; x_wconf 80' lang='lat' dir='ltr'>O.</span> <span class='ocrx_word' id='word_1_5' title='bbox 547 164 604 191; x_wconf 78' lang='lat'>62-65.</span> <span class='ocrx_word' id='word_1_6' title='bbox 791 151 818 192; x_wconf 71' lang='lat'>71</span> 
     </span>
    </p>
   </div>
   <div class='ocr_carea' id='block_1_2' title="bbox 40 257 883 1361">
    <p class='ocr_par' dir='ltr' id='par_1_2' title="bbox 40 257 883 730">
     <span class='ocr_line' id='line_1_2' title="bbox 40 257 818 314; baseline -0.005 -13"><span class='ocrx_word' id='word_1_7' title='bbox 40 259 161 314; x_wconf 79' lang='lat' dir='ltr'>supplicanti</span> <span class='ocrx_word' id='word_1_8' title='bbox 180 270 254 310; x_wconf 83' lang='lat' dir='ltr'>magna</span> <span class='ocrx_word' id='word_1_9' title='bbox 273 261 335 310; x_wconf 87' lang='lat' dir='ltr'>atque</span> <span class='ocrx_word' id='word_1_10' title='bbox 353 259 455 299; x_wconf 89' lang='lat' dir='ltr'>mirabilia</span> <span class='ocrx_word' id='word_1_11' title='bbox 478 260 573 313; x_wconf 86' lang='lat' dir='ltr'>portendi</span> <span class='ocrx_word' id='word_1_12' title='bbox 598 259 703 312; x_wconf 81' lang='lat' dir='ltr'>haruspex</span> <span class='ocrx_word' id='word_1_13' title='bbox 724 257 818 297; x_wconf 77' lang='lat' dir='ltr'>dixerat:</span> 
     </span>
     <span class='ocr_line' id='line_1_3' title="bbox 40 328 819 384; baseline -0.005 -15"><span class='ocrx_word' id='word_1_14' title='bbox 40 329 125 384; x_wconf 83' lang='lat' dir='ltr'>proinde</span> <span class='ocrx_word' id='word_1_15' title='bbox 146 341 198 380; x_wconf 86' lang='lat' dir='ltr'>quae</span> <span class='ocrx_word' id='word_1_16' title='bbox 217 328 282 367; x_wconf 89' lang='lat' dir='ltr'>animo</span> <span class='ocrx_word' id='word_1_17' title='bbox 299 329 391 381; x_wconf 81' lang='lat' dir='ltr'>agitabat</span> <span class='ocrx_word' id='word_1_18' title='bbox 412 330 479 369; x_wconf 83' lang='lat' dir='ltr'>fretus</span> <span class='ocrx_word' id='word_1_19' title='bbox 499 330 530 368; x_wconf 84' lang='lat' dir='ltr'>dis</span> <span class='ocrx_word' id='word_1_20' title='bbox 546 333 624 382; x_wconf 86' lang='lat' dir='ltr'>ageret,</span> <span class='ocrx_word' id='word_1_21' title='bbox 639 330 741 368; x_wconf 83' lang='lat' dir='ltr'>fortunam</span> <span class='ocrx_word' id='word_1_22' title='bbox 757 339 819 378; x_wconf 87' lang='lat' dir='ltr'>qnam</span> 
     </span>
     <span class='ocr_line' id='line_1_4' title="bbox 41 395 883 452; baseline -0.007 -12"><span class='ocrx_word' id='word_1_23' title='bbox 41 399 167 452; x_wconf 79' lang='lat' dir='ltr'>saepissume</span> <span class='ocrx_word' id='word_1_24' title='bbox 178 397 314 450; x_wconf 79' lang='lat' dir='ltr'>experiretur,</span> <span class='ocrx_word' id='word_1_25' title='bbox 325 405 404 438; x_wconf 84' lang='lat' dir='ltr'>cuncta</span> <span class='ocrx_word' id='word_1_26' title='bbox 418 411 516 452; x_wconf 87' lang='lat' dir='ltr'>prospere</span> <span class='ocrx_word' id='word_1_27' title='bbox 532 404 637 439; x_wconf 82' lang='lat' dir='ltr'>eventura.</span> <span class='ocrx_word' id='word_1_28' title='bbox 668 400 690 437; x_wconf 87' lang='lat' dir='ltr'>at</span> <span class='ocrx_word' id='word_1_29' title='bbox 704 398 763 436; x_wconf 92' lang='lat' dir='ltr'>illum</span> <span class='ocrx_word' id='word_1_30' title='bbox 777 395 841 435; x_wconf 80' lang='lat' dir='ltr'>iam2</span> <span class='ocrx_word' id='word_1_31' title='bbox 881 414 883 416; x_wconf 90' lang='lat'>·</span> 
     </span>
     <span class='ocr_line' id='line_1_5' title="bbox 41 466 818 521; baseline -0.008 -11"><span class='ocrx_word' id='word_1_32' title='bbox 41 473 101 511; x_wconf 90' lang='lat' dir='ltr'>antea</span> <span class='ocrx_word' id='word_1_33' title='bbox 123 467 240 506; x_wconf 87' lang='lat' dir='ltr'>consulatus</span> <span class='ocrx_word' id='word_1_34' title='bbox 260 467 333 519; x_wconf 81' lang='lat' dir='ltr'>ingens</span> <span class='ocrx_word' id='word_1_35' title='bbox 352 469 424 521; x_wconf 90' lang='lat' dir='ltr'>cupido</span> <span class='ocrx_word' id='word_1_36' title='bbox 440 468 566 520; x_wconf 82' lang='lat' dir='ltr'>exagitabat,</span> <span class='ocrx_word' id='word_1_37' title='bbox 581 469 608 508; x_wconf 91' lang='lat' dir='ltr'>ad</span> <span class='ocrx_word' id='word_1_38' title='bbox 619 481 680 520; x_wconf 86' lang='lat' dir='ltr'>quem</span> <span class='ocrx_word' id='word_1_39' title='bbox 695 466 818 520; x_wconf 80' lang='lat' dir='ltr'>capiundum</span> 
     </span>
     <span class='ocr_line' id='line_1_6' title="bbox 41 537 819 594; baseline -0.006 -15"><span class='ocrx_word' id='word_1_40' title='bbox 41 541 123 594; x_wconf 81' lang='lat' dir='ltr'>praeter</span> <span class='ocrx_word' id='word_1_41' title='bbox 132 539 259 577; x_wconf 78' lang='lat' dir='ltr'>vetustatem</span> <span class='ocrx_word' id='word_1_42' title='bbox 268 537 357 577; x_wconf 79' lang='lat' dir='ltr'>familiae</span> <span class='ocrx_word' id='word_1_43' title='bbox 368 539 408 578; x_wconf 90' lang='lat' dir='ltr'>alia</span> <span class='ocrx_word' id='word_1_44' title='bbox 418 539 485 578; x_wconf 92' lang='lat' dir='ltr'>omnia</span> <span class='ocrx_word' id='word_1_45' title='bbox 495 540 576 578; x_wconf 82' lang='lat' dir='ltr'>abunde</span> <span class='ocrx_word' id='word_1_46' title='bbox 587 541 651 587; x_wconf 90' lang='lat' dir='ltr'>erant,</span> <span class='ocrx_word' id='word_1_47' title='bbox 661 537 764 577; x_wconf 87' lang='lat' dir='ltr'>industria</span> <span class='ocrx_word' id='word_1_48' title='bbox 773 548 819 589; x_wconf 76' lang='lat' dir='ltr'>pro</span> 
     </span>
     <span class='ocr_line' id='line_1_7' title="bbox 40 606 818 661; baseline -0.005 -12"><span class='ocrx_word' id='word_1_49' title='bbox 40 610 100 657; x_wconf 88' lang='lat' dir='ltr'>bitas,</span> <span class='ocrx_word' id='word_1_50' title='bbox 114 606 200 646; x_wconf 88' lang='lat' dir='ltr'>militiae</span> <span class='ocrx_word' id='word_1_51' title='bbox 211 619 286 659; x_wconf 85' lang='lat' dir='ltr'>magna</span> <span class='ocrx_word' id='word_1_52' title='bbox 301 608 392 659; x_wconf 84' lang='lat' dir='ltr'>scientia,</span> <span class='ocrx_word' id='word_1_53' title='bbox 408 609 488 648; x_wconf 90' lang='lat' dir='ltr'>animus</span> <span class='ocrx_word' id='word_1_54' title='bbox 498 609 547 648; x_wconf 91' lang='lat' dir='ltr'>belli</span> <span class='ocrx_word' id='word_1_55' title='bbox 562 609 641 661; x_wconf 82' lang='lat' dir='ltr'>ingens,</span> <span class='ocrx_word' id='word_1_56' title='bbox 658 607 711 647; x_wconf 90' lang='lat' dir='ltr'>domi</span> <span class='ocrx_word' id='word_1_57' title='bbox 720 606 818 655; x_wconf 87' lang='lat' dir='ltr'>modicus,</span> 
     </span>
     <span class='ocr_line' id='line_1_8' title="bbox 41 676 732 730; baseline -0.006 -12"><span class='ocrx_word' id='word_1_58' title='bbox 41 677 137 718; x_wconf 87' lang='lat' dir='ltr'>lubidinis</span> <span class='ocrx_word' id='word_1_59' title='bbox 152 679 173 715; x_wconf 92' lang='lat' dir='ltr'>et</span> <span class='ocrx_word' id='word_1_60' title='bbox 188 676 306 716; x_wconf 84' lang='lat' dir='ltr'>diuitiarum</span> <span class='ocrx_word' id='word_1_61' title='bbox 320 678 391 728; x_wconf 78' lang='lat' dir='ltr'>uictor,</span> <span class='ocrx_word' id='word_1_62' title='bbox 406 679 546 718; x_wconf 88' lang='lat' dir='ltr'>tantummodo</span> <span class='ocrx_word' id='word_1_63' title='bbox 561 678 639 730; x_wconf 80' lang='lat' dir='ltr'>gloriae</span> <span class='ocrx_word' id='word_1_64' title='bbox 654 676 732 716; x_wconf 85' lang='lat' dir='ltr'>avidus.</span> 
     </span>
    </p>

    <p class='ocr_par' dir='ltr' id='par_1_3' title="bbox 41 745 844 1361">
     <span class='ocr_line' id='line_1_9' title="bbox 100 745 843 801; baseline 0 -16"><span class='ocrx_word' id='word_1_65' title='bbox 100 746 141 786; x_wconf 78' lang='lat' dir='ltr'>Sed</span> <span class='ocrx_word' id='word_1_66' title='bbox 156 746 174 785; x_wconf 87' lang='lat' dir='ltr'>is</span> <span class='ocrx_word' id='word_1_67' title='bbox 190 748 251 786; x_wconf 87' lang='lat' dir='ltr'>natus</span> <span class='ocrx_word' id='word_1_68' title='bbox 267 749 288 786; x_wconf 92' lang='lat' dir='ltr'>et</span> <span class='ocrx_word' id='word_1_69' title='bbox 302 761 381 787; x_wconf 90' lang='lat' dir='ltr'>omnem</span> <span class='ocrx_word' id='word_1_70' title='bbox 397 748 505 801; x_wconf 87' lang='lat' dir='ltr'>pueritiam</span> <span class='ocrx_word' id='word_1_71' title='bbox 519 747 592 801; x_wconf 85' lang='lat' dir='ltr'>Arpini</span> <span class='ocrx_word' id='word_1_72' title='bbox 607 748 667 796; x_wconf 87' lang='lat' dir='ltr'>altus,</span> <span class='ocrx_word' id='word_1_73' title='bbox 682 746 717 785; x_wconf 91' lang='lat' dir='ltr'>ubi</span> <span class='ocrx_word' id='word_1_74' title='bbox 732 745 843 798; x_wconf 84' lang='lat' dir='ltr'>primum3</span> 
     </span>
     <span class='ocr_line' id='line_1_10' title="bbox 42 815 818 871; baseline -0.001 -15"><span class='ocrx_word' id='word_1_75' title='bbox 42 820 98 857; x_wconf 85' lang='lat' dir='ltr'>aetas</span> <span class='ocrx_word' id='word_1_76' title='bbox 113 816 197 856; x_wconf 89' lang='lat' dir='ltr'>militiae</span> <span class='ocrx_word' id='word_1_77' title='bbox 212 816 292 869; x_wconf 85' lang='lat' dir='ltr'>patiens</span> <span class='ocrx_word' id='word_1_78' title='bbox 302 818 346 867; x_wconf 82' lang='lat' dir='ltr'>fuit,</span> <span class='ocrx_word' id='word_1_79' title='bbox 358 818 465 871; x_wconf 84' lang='lat' dir='ltr'>stipendiis</span> <span class='ocrx_word' id='word_1_80' title='bbox 481 818 588 867; x_wconf 81' lang='lat' dir='ltr'>faciundis,</span> <span class='ocrx_word' id='word_1_81' title='bbox 602 830 642 856; x_wconf 91' lang='lat' dir='ltr'>non</span> <span class='ocrx_word' id='word_1_82' title='bbox 653 815 734 857; x_wconf 83' lang='lat' dir='ltr'>Graeca</span> <span class='ocrx_word' id='word_1_83' title='bbox 748 815 818 855; x_wconf 80' lang='lat' dir='ltr'>facun-</span> 
     </span>
     <span class='ocr_line' id='line_1_11' title="bbox 43 885 818 938; baseline -0.004 -12"><span class='ocrx_word' id='word_1_84' title='bbox 43 887 76 926; x_wconf 88' lang='lat' dir='ltr'>dia</span> <span class='ocrx_word' id='word_1_85' title='bbox 90 899 157 938; x_wconf 87' lang='lat' dir='ltr'>neque</span> <span class='ocrx_word' id='word_1_86' title='bbox 172 886 256 925; x_wconf 88' lang='lat' dir='ltr'>urbanis</span> <span class='ocrx_word' id='word_1_87' title='bbox 273 888 379 933; x_wconf 89' lang='lat' dir='ltr'>munditiis</span> <span class='ocrx_word' id='word_1_88' title='bbox 395 901 441 926; x_wconf 86' lang='lat' dir='ltr'>sese</span> <span class='ocrx_word' id='word_1_89' title='bbox 457 887 559 927; x_wconf 86' lang='lat' dir='ltr'>exercuit:</span> <span class='ocrx_word' id='word_1_90' title='bbox 575 888 605 927; x_wconf 90' lang='lat' dir='ltr'>ita</span> <span class='ocrx_word' id='word_1_91' title='bbox 620 887 674 925; x_wconf 88' lang='lat' dir='ltr'>iuter</span> <span class='ocrx_word' id='word_1_92' title='bbox 689 886 740 924; x_wconf 86' lang='lat' dir='ltr'>artis</span> <span class='ocrx_word' id='word_1_93' title='bbox 754 885 818 923; x_wconf 86' lang='lat' dir='ltr'>bonas</span> 
     </span>
     <span class='ocr_line' id='line_1_12' title="bbox 41 955 843 1009; baseline -0.004 -13"><span class='ocrx_word' id='word_1_94' title='bbox 41 957 146 1008; x_wconf 85' lang='lat' dir='ltr'>integrum</span> <span class='ocrx_word' id='word_1_95' title='bbox 156 955 261 1008; x_wconf 84' lang='lat' dir='ltr'>ingenium</span> <span class='ocrx_word' id='word_1_96' title='bbox 275 956 334 996; x_wconf 88' lang='lat' dir='ltr'>brevi</span> <span class='ocrx_word' id='word_1_97' title='bbox 350 957 444 997; x_wconf 81' lang='lat' dir='ltr'>adolevit.</span> <span class='ocrx_word' id='word_1_98' title='bbox 475 969 525 1009; x_wconf 84' lang='lat' dir='ltr'>ergo</span> <span class='ocrx_word' id='word_1_99' title='bbox 540 957 576 996; x_wconf 92' lang='lat' dir='ltr'>ubi</span> <span class='ocrx_word' id='word_1_100' title='bbox 590 957 678 1009; x_wconf 91' lang='lat' dir='ltr'>primum</span> <span class='ocrx_word' id='word_1_101' title='bbox 693 955 843 994; x_wconf 84' lang='lat' dir='ltr'>tribunatum4</span> 
     </span>
     <span class='ocr_line' id='line_1_13' title="bbox 41 1025 819 1080; baseline -0.003 -15"><span class='ocrx_word' id='word_1_102' title='bbox 41 1026 148 1065; x_wconf 91' lang='lat' dir='ltr'>militarem</span> <span class='ocrx_word' id='word_1_103' title='bbox 163 1039 175 1065; x_wconf 90' lang='lat' dir='ltr'>a</span> <span class='ocrx_word' id='word_1_104' title='bbox 190 1026 264 1078; x_wconf 88' lang='lat' dir='ltr'>populo</span> <span class='ocrx_word' id='word_1_105' title='bbox 274 1027 331 1078; x_wconf 86' lang='lat' dir='ltr'>petit,</span> <span class='ocrx_word' id='word_1_106' title='bbox 346 1027 450 1080; x_wconf 86' lang='lat' dir='ltr'>plerisque</span> <span class='ocrx_word' id='word_1_107' title='bbox 465 1028 537 1067; x_wconf 85' lang='lat' dir='ltr'>faciem</span> <span class='ocrx_word' id='word_1_108' title='bbox 548 1028 591 1066; x_wconf 86' lang='lat' dir='ltr'>eius</span> <span class='ocrx_word' id='word_1_109' title='bbox 601 1025 748 1078; x_wconf 73' lang='lat' dir='ltr'>ignorantibus,</span> <span class='ocrx_word' id='word_1_110' title='bbox 759 1025 819 1064; x_wconf 86' lang='lat' dir='ltr'>facile</span> 
     </span>
     <span class='ocr_line' id='line_1_14' title="bbox 42 1094 843 1148; baseline -0.004 -13"><span class='ocrx_word' id='word_1_111' title='bbox 42 1101 101 1135; x_wconf 88' lang='lat' dir='ltr'>notus</span> <span class='ocrx_word' id='word_1_112' title='bbox 111 1108 149 1148; x_wconf 91' lang='lat' dir='ltr'>per</span> <span class='ocrx_word' id='word_1_113' title='bbox 159 1095 223 1134; x_wconf 92' lang='lat' dir='ltr'>omnis</span> <span class='ocrx_word' id='word_1_114' title='bbox 234 1095 300 1135; x_wconf 89' lang='lat' dir='ltr'>trihus</span> <span class='ocrx_word' id='word_1_115' title='bbox 311 1097 433 1137; x_wconf 74' lang='lat' dir='ltr'>declaratur.</span> <span class='ocrx_word' id='word_1_116' title='bbox 465 1097 539 1136; x_wconf 89' lang='lat' dir='ltr'>deiude</span> <span class='ocrx_word' id='word_1_117' title='bbox 553 1098 578 1136; x_wconf 90' lang='lat' dir='ltr'>ab</span> <span class='ocrx_word' id='word_1_118' title='bbox 589 1110 612 1136; x_wconf 92' lang='lat' dir='ltr'>eo</span> <span class='ocrx_word' id='word_1_119' title='bbox 619 1096 741 1148; x_wconf 84' lang='lat' dir='ltr'>magistratu</span> <span class='ocrx_word' id='word_1_120' title='bbox 757 1094 819 1133; x_wconf 89' lang='lat' dir='ltr'>alium</span> <span class='ocrx_word' id='word_1_121' title='bbox 832 1098 843 1132; x_wconf 85' lang='lat'>5</span> 
     </span>
     <span class='ocr_line' id='line_1_15' title="bbox 42 1162 819 1220; baseline -0.004 -15"><span class='ocrx_word' id='word_1_122' title='bbox 42 1169 88 1219; x_wconf 88' lang='lat' dir='ltr'>post</span> <span class='ocrx_word' id='word_1_123' title='bbox 103 1166 165 1204; x_wconf 92' lang='lat' dir='ltr'>alium</span> <span class='ocrx_word' id='word_1_124' title='bbox 181 1165 220 1204; x_wconf 86' lang='lat' dir='ltr'>sibi</span> <span class='ocrx_word' id='word_1_125' title='bbox 234 1167 315 1218; x_wconf 87' lang='lat' dir='ltr'>peperit</span> <span class='ocrx_word' id='word_1_126' title='bbox 331 1180 453 1220; x_wconf 85' lang='lat' dir='ltr'>semperque</span> <span class='ocrx_word' id='word_1_127' title='bbox 468 1167 489 1206; x_wconf 91' lang='lat' dir='ltr'>in</span> <span class='ocrx_word' id='word_1_128' title='bbox 503 1162 640 1220; x_wconf 83' lang='lat' dir='ltr'>potestatibus</span> <span class='ocrx_word' id='word_1_129' title='bbox 656 1179 680 1205; x_wconf 92' lang='lat' dir='ltr'>eo</span> <span class='ocrx_word' id='word_1_130' title='bbox 695 1165 755 1204; x_wconf 90' lang='lat' dir='ltr'>modo</span> <span class='ocrx_word' id='word_1_131' title='bbox 777 1165 819 1215; x_wconf 85' lang='lat' dir='ltr'>agi-</span> 
     </span>
     <span class='ocr_line' id='line_1_16' title="bbox 42 1234 844 1289; baseline -0.005 -14"><span class='ocrx_word' id='word_1_132' title='bbox 42 1237 104 1284; x_wconf 83' lang='lat' dir='ltr'>tabat,</span> <span class='ocrx_word' id='word_1_133' title='bbox 120 1239 143 1274; x_wconf 93' lang='lat' dir='ltr'>ut</span> <span class='ocrx_word' id='word_1_134' title='bbox 158 1235 255 1288; x_wconf 90' lang='lat' dir='ltr'>ampliore</span> <span class='ocrx_word' id='word_1_135' title='bbox 270 1249 331 1287; x_wconf 87' lang='lat' dir='ltr'>quam</span> <span class='ocrx_word' id='word_1_136' title='bbox 346 1238 433 1288; x_wconf 83' lang='lat' dir='ltr'>gerebat</span> <span class='ocrx_word' id='word_1_137' title='bbox 444 1238 518 1289; x_wconf 83' lang='lat' dir='ltr'>dignus</span> <span class='ocrx_word' id='word_1_138' title='bbox 533 1238 650 1277; x_wconf 89' lang='lat' dir='ltr'>haberetur.</span> <span class='ocrx_word' id='word_1_139' title='bbox 681 1238 750 1275; x_wconf 92' lang='lat' dir='ltr'>tamen</span> <span class='ocrx_word' id='word_1_140' title='bbox 764 1234 782 1272; x_wconf 87' lang='lat' dir='ltr'>is</span> <span class='ocrx_word' id='word_1_141' title='bbox 793 1235 820 1273; x_wconf 91' lang='lat' dir='ltr'>ad</span> <span class='ocrx_word' id='word_1_142' title='bbox 832 1238 844 1271; x_wconf 82' lang='lat'>6</span> 
     </span>
     <span class='ocr_line' id='line_1_17' title="bbox 42 1305 817 1361; baseline -0.001 -18"><span class='ocrx_word' id='word_1_143' title='bbox 42 1306 63 1344; x_wconf 89' lang='lat' dir='ltr'>id</span> <span class='ocrx_word' id='word_1_144' title='bbox 77 1305 167 1344; x_wconf 84' lang='lat' dir='ltr'>locorum</span> <span class='ocrx_word' id='word_1_145' title='bbox 177 1305 224 1344; x_wconf 86' lang='lat' dir='ltr'>talis</span> <span class='ocrx_word' id='word_1_146' title='bbox 232 1305 264 1344; x_wconf 84' lang='lat' dir='ltr'>vir</span> <span class='ocrx_word' id='word_1_147' title='bbox 274 1328 302 1334; x_wconf 87' lang='lat'>—</span> <span class='ocrx_word' id='word_1_148' title='bbox 312 1319 360 1345; x_wconf 93' lang='lat' dir='ltr'>nam</span> <span class='ocrx_word' id='word_1_149' title='bbox 370 1313 442 1359; x_wconf 85' lang='lat' dir='ltr'>postea</span> <span class='ocrx_word' id='word_1_150' title='bbox 452 1307 563 1347; x_wconf 88' lang='lat' dir='ltr'>ambitione</span> <span class='ocrx_word' id='word_1_151' title='bbox 573 1319 672 1361; x_wconf 90' lang='lat' dir='ltr'>praeceps</span> <span class='ocrx_word' id='word_1_152' title='bbox 681 1306 741 1345; x_wconf 87' lang='lat' dir='ltr'>datus</span> <span class='ocrx_word' id='word_1_153' title='bbox 752 1307 784 1343; x_wconf 87' lang='lat' dir='ltr'>est</span> <span class='ocrx_word' id='word_1_154' title='bbox 793 1326 817 1331; x_wconf 89' lang='lat'>—</span> 
     </span>
    </p>
   </div>
   <div class='ocr_carea' id='block_1_3' title="bbox 37 1453 860 2902">
    <p class='ocr_par' dir='ltr' id='par_1_4' title="bbox 37 1453 860 2902">
     <span class='ocr_line' id='line_1_18' title="bbox 43 1453 855 1499; baseline 0 -12"><span class='ocrx_word' id='word_1_155' title='bbox 43 1464 65 1488; x_wconf 87' lang='lat' dir='ltr'>zu</span> <span class='ocrx_word' id='word_1_156' title='bbox 76 1453 169 1497; x_wconf 77' lang='lat' dir='ltr'>portendi.</span> <span class='ocrx_word' id='word_1_157' title='bbox 190 1472 210 1478; x_wconf 95' lang='lat'>—</span> <span class='ocrx_word' id='word_1_158' title='bbox 229 1453 321 1499; x_wconf 63' lang='lat' dir='ltr'>recitabat,</span> <span class='ocrx_word' id='word_1_159' title='bbox 337 1453 432 1491; x_wconf 74' lang='lat' dir='ltr'>uuerden</span> <span class='ocrx_word' id='word_1_160' title='bbox 466 1456 596 1493; x_wconf 83' lang='lat' dir='ltr'>Heeresdienlt</span> <span class='ocrx_word' id='word_1_161' title='bbox 607 1456 677 1492; x_wconf 81' lang='lat' dir='ltr'>leiltete</span> <span class='ocrx_word' id='word_1_162' title='bbox 692 1466 713 1491; x_wconf 89' lang='lat' dir='ltr'>er</span> <span class='ocrx_word' id='word_1_163' title='bbox 725 1455 750 1489; x_wconf 90' lang='lat' dir='ltr'>im</span> <span class='ocrx_word' id='word_1_164' title='bbox 765 1453 855 1489; x_wconf 86' lang='lat' dir='ltr'>numanti-</span> 
     </span>
     <span class='ocr_line' id='line_1_19' title="bbox 43 1511 856 1559; baseline -0.001 -13"><span class='ocrx_word' id='word_1_165' title='bbox 43 1512 136 1546; x_wconf 87' lang='lat' dir='ltr'>lndikativ</span> <span class='ocrx_word' id='word_1_166' title='bbox 148 1511 184 1555; x_wconf 83' lang='lat' dir='ltr'>vgl.</span> <span class='ocrx_word' id='word_1_167' title='bbox 197 1513 226 1547; x_wconf 80' lang='lat'>38.</span> <span class='ocrx_word' id='word_1_168' title='bbox 238 1514 255 1547; x_wconf 83' lang='lat'>9.</span> <span class='ocrx_word' id='word_1_169' title='bbox 467 1516 542 1551; x_wconf 79' lang='lat' dir='ltr'>nilchen</span> <span class='ocrx_word' id='word_1_170' title='bbox 550 1513 745 1559; x_wconf 79' lang='lat' dir='ltr'>Kricg.-facaadia,</span> <span class='ocrx_word' id='word_1_171' title='bbox 759 1511 856 1546; x_wconf 83' lang='lat' dir='ltr'>Gewandt·</span> 
     </span>
     <span class='ocr_line' id='line_1_20' title="bbox 67 1569 856 1616; baseline 0 -13"><span class='ocrx_word' id='word_1_172' title='bbox 67 1572 83 1606; x_wconf 83' lang='lat'>2.</span> <span class='ocrx_word' id='word_1_173' title='bbox 95 1570 132 1604; x_wconf 79' lang='lat' dir='ltr'>iam</span> <span class='ocrx_word' id='word_1_174' title='bbox 145 1573 200 1605; x_wconf 73' lang='lat' dir='ltr'>antea</span> <span class='ocrx_word' id='word_1_175' title='bbox 217 1590 240 1595; x_wconf 98' lang='lat'><em>-</em></span> <span class='ocrx_word' id='word_1_176' title='bbox 256 1572 378 1616; x_wconf 43' lang='lat' dir='ltr'>occultabat*</span> <span class='ocrx_word' id='word_1_177' title='bbox 393 1573 431 1608; x_wconf 89' lang='lat' dir='ltr'>Das</span> <span class='ocrx_word' id='word_1_178' title='bbox 467 1574 506 1609; x_wconf 85' lang='lat' dir='ltr'>heit</span> <span class='ocrx_word' id='word_1_179' title='bbox 518 1574 543 1608; x_wconf 93' lang='lat' dir='ltr'>im</span> <span class='ocrx_word' id='word_1_180' title='bbox 551 1573 650 1609; x_wconf 77' lang='lat' dir='ltr'>Radan-</span> <span class='ocrx_word' id='word_1_181' title='bbox 662 1571 741 1607; x_wconf 74' lang='lat' dir='ltr'>orbana</span> <span class='ocrx_word' id='word_1_182' title='bbox 752 1569 856 1612; x_wconf 69' lang='lat' dir='ltr'>munditiis,</span> 
     </span>
     <span class='ocr_line' id='line_1_21' title="bbox 43 1628 856 1673; baseline -0.001 -10"><span class='ocrx_word' id='word_1_183' title='bbox 43 1628 144 1673; x_wconf 84' lang='lat' dir='ltr'>Imperfekt</span> <span class='ocrx_word' id='word_1_184' title='bbox 162 1628 192 1664; x_wconf 88' lang='lat' dir='ltr'>bei</span> <span class='ocrx_word' id='word_1_185' title='bbox 210 1629 248 1664; x_wconf 85' lang='lat' dir='ltr'>iam</span> <span class='ocrx_word' id='word_1_186' title='bbox 266 1633 320 1665; x_wconf 73' lang='lat' dir='ltr'>antea</span> <span class='ocrx_word' id='word_1_187' title='bbox 338 1631 383 1667; x_wconf 87' lang='lat' dir='ltr'>heht</span> <span class='ocrx_word' id='word_1_188' title='bbox 402 1632 431 1667; x_wconf 88' lang='lat' dir='ltr'>die</span> <span class='ocrx_word' id='word_1_189' title='bbox 467 1633 486 1668; x_wconf 93' lang='lat' dir='ltr'>in</span> <span class='ocrx_word' id='word_1_190' title='bbox 507 1632 542 1667; x_wconf 87' lang='lat' dir='ltr'>den</span> <span class='ocrx_word' id='word_1_191' title='bbox 562 1632 669 1667; x_wconf 81' lang='lat' dir='ltr'>ltadtisehen</span> <span class='ocrx_word' id='word_1_192' title='bbox 689 1629 800 1666; x_wconf 82' lang='lat' dir='ltr'>Feinheiten</span> <span class='ocrx_word' id='word_1_193' title='bbox 824 1628 856 1663; x_wconf 88' lang='lat' dir='ltr'>des</span> 
     </span>
     <span class='ocr_line' id='line_1_22' title="bbox 44 1686 856 1734; baseline 0 -13"><span class='ocrx_word' id='word_1_194' title='bbox 44 1686 147 1723; x_wconf 87' lang='lat' dir='ltr'>Fortdauer</span> <span class='ocrx_word' id='word_1_195' title='bbox 165 1686 198 1722; x_wconf 83' lang='lat' dir='ltr'>der</span> <span class='ocrx_word' id='word_1_196' title='bbox 215 1686 279 1722; x_wconf 78' lang='lat' dir='ltr'>frsrher</span> <span class='ocrx_word' id='word_1_197' title='bbox 298 1688 354 1724; x_wconf 81' lang='lat' dir='ltr'>sehon</span> <span class='ocrx_word' id='word_1_198' title='bbox 370 1690 431 1734; x_wconf 83' lang='lat' dir='ltr'>cinge·</span> <span class='ocrx_word' id='word_1_199' title='bbox 467 1690 536 1725; x_wconf 87' lang='lat' dir='ltr'>Luxus.</span> <span class='ocrx_word' id='word_1_200' title='bbox 555 1709 578 1715; x_wconf 93' lang='lat'><em>-</em></span> <span class='ocrx_word' id='word_1_201' title='bbox 594 1689 685 1734; x_wconf 61' lang='lat' dir='ltr'>inceptam</span> <span class='ocrx_word' id='word_1_202' title='bbox 703 1687 807 1733; x_wconf 65' lang='lat' dir='ltr'>iuuentam,</span> <span class='ocrx_word' id='word_1_203' title='bbox 826 1686 856 1722; x_wconf 84' lang='lat' dir='ltr'>die</span> 
     </span>
     <span class='ocr_line' id='line_1_23' title="bbox 44 1744 857 1793; baseline -0.002 -13"><span class='ocrx_word' id='word_1_204' title='bbox 44 1750 127 1781; x_wconf 84' lang='lat' dir='ltr'>tretenen</span> <span class='ocrx_word' id='word_1_205' title='bbox 135 1745 224 1790; x_wconf 85' lang='lat' dir='ltr'>Begierde</span> <span class='ocrx_word' id='word_1_206' title='bbox 236 1746 308 1785; x_wconf 84' lang='lat' dir='ltr'>hervor.</span> <span class='ocrx_word' id='word_1_207' title='bbox 315 1767 338 1773; x_wconf 93' lang='lat'><em>-</em></span> <span class='ocrx_word' id='word_1_208' title='bbox 346 1748 432 1793; x_wconf 75' lang='lat' dir='ltr'>adquam</span> <span class='ocrx_word' id='word_1_209' title='bbox 468 1748 525 1784; x_wconf 83' lang='lat' dir='ltr'>durch</span> <span class='ocrx_word' id='word_1_210' title='bbox 538 1749 598 1784; x_wconf 86' lang='lat' dir='ltr'>nichts</span> <span class='ocrx_word' id='word_1_211' title='bbox 610 1747 724 1783; x_wconf 87' lang='lat' dir='ltr'>verdcrhene</span> <span class='ocrx_word' id='word_1_212' title='bbox 732 1746 800 1788; x_wconf 83' lang='lat' dir='ltr'>Natur,</span> <span class='ocrx_word' id='word_1_213' title='bbox 813 1744 857 1779; x_wconf 81' lang='lat' dir='ltr'>ado-</span> 
     </span>
     <span class='ocr_line' id='line_1_24' title="bbox 43 1804 856 1849; baseline 0 -12"><span class='ocrx_word' id='word_1_214' title='bbox 43 1804 164 1848; x_wconf 68' lang='lat' dir='ltr'>capiundum,</span> <span class='ocrx_word' id='word_1_215' title='bbox 185 1804 218 1839; x_wconf 88' lang='lat' dir='ltr'>das</span> <span class='ocrx_word' id='word_1_216' title='bbox 239 1816 263 1839; x_wconf 86' lang='lat' dir='ltr'>zu</span> <span class='ocrx_word' id='word_1_217' title='bbox 286 1807 387 1841; x_wconf 84' lang='lat' dir='ltr'>erreichen.</span> <span class='ocrx_word' id='word_1_218' title='bbox 408 1826 431 1831; x_wconf 93' lang='lat'>—</span> <span class='ocrx_word' id='word_1_219' title='bbox 466 1806 513 1849; x_wconf 77' lang='lat' dir='ltr'>lesit,</span> <span class='ocrx_word' id='word_1_220' title='bbox 527 1806 589 1841; x_wconf 85' lang='lat' dir='ltr'>wuchs</span> <span class='ocrx_word' id='word_1_221' title='bbox 601 1805 670 1848; x_wconf 76' lang='lat' dir='ltr'>kraftig</span> <span class='ocrx_word' id='word_1_222' title='bbox 682 1805 749 1848; x_wconf 85' lang='lat' dir='ltr'>heran,</span> <span class='ocrx_word' id='word_1_223' title='bbox 765 1804 814 1838; x_wconf 75' lang='lat' dir='ltr'>later</span> <span class='ocrx_word' id='word_1_224' title='bbox 826 1804 856 1838; x_wconf 79' lang='lat' dir='ltr'>do-</span> 
     </span>
     <span class='ocr_line' id='line_1_25' title="bbox 37 1854 856 1908; baseline -0.001 -11"><span class='ocrx_word' id='word_1_225' title='bbox 37 1865 116 1906; x_wconf 71' lang='lat' dir='ltr'>practcr</span> <span class='ocrx_word' id='word_1_226' title='bbox 127 1865 234 1897; x_wconf 77' lang='lat' dir='ltr'>vetustatem</span> <span class='ocrx_word' id='word_1_227' title='bbox 245 1863 334 1908; x_wconf 72' lang='lat' dir='ltr'>familiae,</span> <span class='ocrx_word' id='word_1_228' title='bbox 351 1876 385 1900; x_wconf 88' lang='lat' dir='ltr'>nur</span> <span class='ocrx_word' id='word_1_229' title='bbox 399 1866 431 1900; x_wconf 86' lang='lat' dir='ltr'>das</span> <span class='ocrx_word' id='word_1_230' title='bbox 466 1875 502 1899; x_wconf 81' lang='lat' dir='ltr'>aas</span> <span class='ocrx_word' id='word_1_231' title='bbox 510 1868 566 1908; x_wconf 71' lang='lat' dir='ltr'>artes,</span> <span class='ocrx_word' id='word_1_232' title='bbox 578 1865 597 1899; x_wconf 93' lang='lat' dir='ltr'>in</span> <span class='ocrx_word' id='word_1_233' title='bbox 607 1854 715 1907; x_wconf 69' lang='lat' dir='ltr'>uerdhung</span> <span class='ocrx_word' id='word_1_234' title='bbox 727 1866 780 1907; x_wconf 86' lang='lat' dir='ltr'>guter</span> <span class='ocrx_word' id='word_1_235' title='bbox 789 1862 856 1906; x_wconf 86' lang='lat' dir='ltr'>Eigen-</span> 
     </span>
     <span class='ocr_line' id='line_1_26' title="bbox 44 1920 554 1965; baseline 0.006 -9"><span class='ocrx_word' id='word_1_236' title='bbox 44 1920 96 1956; x_wconf 87' lang='lat' dir='ltr'>Alter</span> <span class='ocrx_word' id='word_1_237' title='bbox 121 1921 172 1956; x_wconf 87' lang='lat' dir='ltr'>eines</span> <span class='ocrx_word' id='word_1_238' title='bbox 196 1920 281 1965; x_wconf 86' lang='lat' dir='ltr'>adeligen</span> <span class='ocrx_word' id='word_1_239' title='bbox 302 1922 431 1959; x_wconf 84' lang='lat' dir='ltr'>Geichlechtes</span> <span class='ocrx_word' id='word_1_240' title='bbox 466 1923 554 1959; x_wconf 79' lang='lat' dir='ltr'>sebasten.</span> 
     </span>
     <span class='ocr_line' id='line_1_27' title="bbox 44 1978 857 2027; baseline 0 -13"><span class='ocrx_word' id='word_1_241' title='bbox 44 1978 101 2015; x_wconf 87' lang='lat' dir='ltr'>iehlte</span> <span class='ocrx_word' id='word_1_242' title='bbox 124 1979 167 2014; x_wconf 88' lang='lat' dir='ltr'>ihm.</span> <span class='ocrx_word' id='word_1_243' title='bbox 191 1979 234 2015; x_wconf 92' lang='lat' dir='ltr'>Alle</span> <span class='ocrx_word' id='word_1_244' title='bbox 258 1980 328 2017; x_wconf 89' lang='lat' dir='ltr'>andern</span> <span class='ocrx_word' id='word_1_245' title='bbox 347 1981 431 2027; x_wconf 82' lang='lat' dir='ltr'>Vcrziigc</span> <span class='ocrx_word' id='word_1_246' title='bbox 490 1983 508 2019; x_wconf 84' lang='lat'>4.</span> <span class='ocrx_word' id='word_1_247' title='bbox 520 1991 568 2026; x_wconf 65' lang='lat' dir='ltr'>erpo,</span> <span class='ocrx_word' id='word_1_248' title='bbox 581 1981 624 2026; x_wconf 83' lang='lat' dir='ltr'>also,</span> <span class='ocrx_word' id='word_1_249' title='bbox 637 1980 689 2016; x_wconf 82' lang='lat' dir='ltr'>=lo</span> <span class='ocrx_word' id='word_1_250' title='bbox 697 1980 768 2016; x_wconf 85' lang='lat' dir='ltr'>konnte</span> <span class='ocrx_word' id='word_1_251' title='bbox 777 1989 796 2015; x_wconf 85' lang='lat' dir='ltr'>es</span> <span class='ocrx_word' id='word_1_252' title='bbox 804 1979 857 2015; x_wconf 86' lang='lat' dir='ltr'>nicht</span> 
     </span>
     <span class='ocr_line' id='line_1_28' title="bbox 44 2028 856 2085; baseline 0 -13"><span class='ocrx_word' id='word_1_253' title='bbox 44 2037 96 2072; x_wconf 87' lang='lat' dir='ltr'>hatte</span> <span class='ocrx_word' id='word_1_254' title='bbox 109 2037 234 2072; x_wconf 86' lang='lat' dir='ltr'>erreiohlioh.</span> <span class='ocrx_word' id='word_1_255' title='bbox 259 2038 286 2073; x_wconf 85' lang='lat' dir='ltr'>Er</span> <span class='ocrx_word' id='word_1_256' title='bbox 301 2032 432 2085; x_wconf 66' lang='lat' dir='ltr'>mulltedahcr</span> <span class='ocrx_word' id='word_1_257' title='bbox 468 2040 535 2075; x_wconf 76' lang='lat' dir='ltr'>andeis</span> <span class='ocrx_word' id='word_1_258' title='bbox 548 2028 592 2077; x_wconf 83' lang='lat' dir='ltr'>lein.</span> <span class='ocrx_word' id='word_1_259' title='bbox 605 2038 732 2083; x_wconf 80' lang='lat' dir='ltr'>-npopalo</span> <span class='ocrx_word' id='word_1_260' title='bbox 743 2038 795 2082; x_wconf 77' lang='lat' dir='ltr'>petit.</span> <span class='ocrx_word' id='word_1_261' title='bbox 819 2038 856 2073; x_wconf 80' lang='lat' dir='ltr'>Ein</span> 
     </span>
     <span class='ocr_line' id='line_1_29' title="bbox 45 2094 857 2142; baseline 0.001 -13"><span class='ocrx_word' id='word_1_262' title='bbox 45 2094 72 2130; x_wconf 87' lang='lat' dir='ltr'>als</span> <span class='ocrx_word' id='word_1_263' title='bbox 90 2095 145 2130; x_wconf 90' lang='lat' dir='ltr'>homo</span> <span class='ocrx_word' id='word_1_264' title='bbox 161 2105 221 2130; x_wconf 80' lang='lat' dir='ltr'>novus</span> <span class='ocrx_word' id='word_1_265' title='bbox 239 2096 275 2131; x_wconf 88' lang='lat' dir='ltr'>fich</span> <span class='ocrx_word' id='word_1_266' title='bbox 293 2098 397 2135; x_wconf 84' lang='lat' dir='ltr'>bewerhen.</span> <span class='ocrx_word' id='word_1_267' title='bbox 410 2119 431 2123; x_wconf 87' lang='lat'>—</span> <span class='ocrx_word' id='word_1_268' title='bbox 468 2098 509 2133; x_wconf 88' lang='lat' dir='ltr'>Teil</span> <span class='ocrx_word' id='word_1_269' title='bbox 522 2098 554 2133; x_wconf 85' lang='lat' dir='ltr'>der</span> <span class='ocrx_word' id='word_1_270' title='bbox 566 2098 720 2142; x_wconf 81' lang='lat' dir='ltr'>Krisgstribunen</span> <span class='ocrx_word' id='word_1_271' title='bbox 737 2097 800 2131; x_wconf 86' lang='lat' dir='ltr'>wurde</span> <span class='ocrx_word' id='word_1_272' title='bbox 814 2107 857 2131; x_wconf 83' lang='lat' dir='ltr'>rom</span> 
     </span>
     <span class='ocr_line' id='line_1_30' title="bbox 44 2153 857 2201; baseline 0.002 -14"><span class='ocrx_word' id='word_1_273' title='bbox 44 2153 432 2201; x_wconf 65' lang='lat' dir='ltr'>industriarastloleThatigkeitprobitas,</span> <span class='ocrx_word' id='word_1_274' title='bbox 468 2157 517 2191; x_wconf 88' lang='lat' dir='ltr'>Volk</span> <span class='ocrx_word' id='word_1_275' title='bbox 528 2157 548 2191; x_wconf 92' lang='lat' dir='ltr'>in</span> <span class='ocrx_word' id='word_1_276' title='bbox 561 2157 595 2192; x_wconf 87' lang='lat' dir='ltr'>den</span> <span class='ocrx_word' id='word_1_277' title='bbox 607 2156 701 2192; x_wconf 88' lang='lat' dir='ltr'>Komitien</span> <span class='ocrx_word' id='word_1_278' title='bbox 720 2155 806 2199; x_wconf 72' lang='lat' dir='ltr'>errante,</span> <span class='ocrx_word' id='word_1_279' title='bbox 823 2155 857 2190; x_wconf 87' lang='lat' dir='ltr'>der</span> 
     </span>
     <span class='ocr_line' id='line_1_31' title="bbox 44 2211 856 2256; baseline 0.005 -10"><span class='ocrx_word' id='word_1_280' title='bbox 44 2211 165 2247; x_wconf 84' lang='lat' dir='ltr'>Ehrlichkeit.</span> <span class='ocrx_word' id='word_1_281' title='bbox 178 2232 200 2236; x_wconf 98' lang='lat'>-</span> <span class='ocrx_word' id='word_1_282' title='bbox 212 2212 259 2256; x_wconf 81' lang='lat' dir='ltr'>balli,</span> <span class='ocrx_word' id='word_1_283' title='bbox 271 2215 396 2250; x_wconf 81' lang='lat' dir='ltr'>nehendomi:</span> <span class='ocrx_word' id='word_1_284' title='bbox 408 2216 432 2250; x_wconf 90' lang='lat' dir='ltr'>im</span> <span class='ocrx_word' id='word_1_285' title='bbox 468 2215 537 2251; x_wconf 86' lang='lat' dir='ltr'>andere</span> <span class='ocrx_word' id='word_1_286' title='bbox 549 2227 585 2251; x_wconf 84' lang='lat' dir='ltr'>von</span> <span class='ocrx_word' id='word_1_287' title='bbox 598 2215 639 2250; x_wconf 89' lang='lat' dir='ltr'>dem</span> <span class='ocrx_word' id='word_1_288' title='bbox 650 2214 754 2249; x_wconf 87' lang='lat' dir='ltr'>Feldherrn</span> <span class='ocrx_word' id='word_1_289' title='bbox 773 2217 856 2251; x_wconf 83' lang='lat' dir='ltr'>ernanut.</span> 
     </span>
     <span class='ocr_line' id='line_1_32' title="bbox 45 2269 858 2319; baseline 0.001 -13"><span class='ocrx_word' id='word_1_290' title='bbox 45 2271 118 2314; x_wconf 84' lang='lat' dir='ltr'>Kriege.</span> <span class='ocrx_word' id='word_1_291' title='bbox 130 2289 154 2295; x_wconf 90' lang='lat'><em>-</em></span> <span class='ocrx_word' id='word_1_292' title='bbox 166 2269 239 2304; x_wconf 78' lang='lat' dir='ltr'>animas</span> <span class='ocrx_word' id='word_1_293' title='bbox 248 2270 319 2317; x_wconf 67' lang='lat' dir='ltr'>lapsas,</span> <span class='ocrx_word' id='word_1_294' title='bbox 331 2273 379 2308; x_wconf 86' lang='lat' dir='ltr'>nach</span> <span class='ocrx_word' id='word_1_295' title='bbox 392 2273 432 2308; x_wconf 85' lang='lat' dir='ltr'>dem</span> <span class='ocrx_word' id='word_1_296' title='bbox 468 2293 491 2299; x_wconf 91' lang='lat'>-</span> <span class='ocrx_word' id='word_1_297' title='bbox 502 2274 594 2319; x_wconf 70' lang='lat' dir='ltr'>plerisque</span> <span class='ocrx_word' id='word_1_298' title='bbox 600 2273 667 2317; x_wconf 73' lang='lat' dir='ltr'>faciem</span> <span class='ocrx_word' id='word_1_299' title='bbox 676 2272 813 2317; x_wconf 67' lang='lat' dir='ltr'>tormentabas,</span> <span class='ocrx_word' id='word_1_300' title='bbox 826 2272 858 2307; x_wconf 90' lang='lat' dir='ltr'>ob·</span> 
     </span>
     <span class='ocr_line' id='line_1_33' title="bbox 44 2327 857 2377; baseline 0.002 -13"><span class='ocrx_word' id='word_1_301' title='bbox 44 2329 135 2364; x_wconf 80' lang='lat' dir='ltr'>Hochlten</span> <span class='ocrx_word' id='word_1_302' title='bbox 158 2327 251 2372; x_wconf 73' lang='lat' dir='ltr'>arerent,</span> <span class='ocrx_word' id='word_1_303' title='bbox 274 2330 363 2375; x_wconf 75' lang='lat' dir='ltr'>modicas,</span> <span class='ocrx_word' id='word_1_304' title='bbox 388 2331 431 2377; x_wconf 70' lang='lat' dir='ltr'>Mau</span> <span class='ocrx_word' id='word_1_305' title='bbox 467 2330 857 2377; x_wconf 81' lang='lat' dir='ltr'>gleiohlieihnronPerlcnniohtkannten‚</span> 
     </span>
     <span class='ocr_line' id='line_1_34' title="bbox 44 2386 857 2432; baseline 0.001 -10"><span class='ocrx_word' id='word_1_306' title='bbox 44 2387 125 2423; x_wconf 85' lang='lat' dir='ltr'>haltend.</span> <span class='ocrx_word' id='word_1_307' title='bbox 386 2412 389 2416; x_wconf 82' lang='lat'>·</span> <span class='ocrx_word' id='word_1_308' title='bbox 467 2391 486 2426; x_wconf 78' lang='grc' dir='ltr'>[ο</span> <span class='ocrx_word' id='word_1_309' title='bbox 503 2401 541 2426; x_wconf 84' lang='lat' dir='ltr'>war</span> <span class='ocrx_word' id='word_1_310' title='bbox 557 2386 578 2426; x_wconf 84' lang='lat' dir='ltr'>cr</span> <span class='ocrx_word' id='word_1_311' title='bbox 594 2391 641 2425; x_wconf 86' lang='lat' dir='ltr'>doch</span> <span class='ocrx_word' id='word_1_312' title='bbox 658 2390 714 2425; x_wconf 87' lang='lat' dir='ltr'>leicht</span> <span class='ocrx_word' id='word_1_313' title='bbox 728 2389 813 2424; x_wconf 86' lang='lat' dir='ltr'>bekannt</span> <span class='ocrx_word' id='word_1_314' title='bbox 826 2399 857 2432; x_wconf 85' lang='lat' dir='ltr'>ge·</span> 
     </span>
     <span class='ocr_line' id='line_1_35' title="bbox 68 2446 857 2495; baseline 0.004 -14"><span class='ocrx_word' id='word_1_315' title='bbox 68 2448 85 2482; x_wconf 84' lang='lat'>3.</span> <span class='ocrx_word' id='word_1_316' title='bbox 97 2446 137 2490; x_wconf 82' lang='lat' dir='ltr'>scd,</span> <span class='ocrx_word' id='word_1_317' title='bbox 152 2446 212 2482; x_wconf 85' lang='lat' dir='ltr'>hrioht</span> <span class='ocrx_word' id='word_1_318' title='bbox 224 2446 254 2482; x_wconf 90' lang='lat' dir='ltr'>die</span> <span class='ocrx_word' id='word_1_319' title='bbox 266 2446 387 2493; x_wconf 83' lang='lat' dir='ltr'>Schilderung</span> <span class='ocrx_word' id='word_1_320' title='bbox 400 2449 433 2484; x_wconf 85' lang='lat' dir='ltr'>der</span> <span class='ocrx_word' id='word_1_321' title='bbox 468 2449 542 2485; x_wconf 84' lang='lat' dir='ltr'>worden</span> <span class='ocrx_word' id='word_1_322' title='bbox 549 2449 615 2495; x_wconf 85' lang='lat' dir='ltr'>(durch</span> <span class='ocrx_word' id='word_1_323' title='bbox 621 2448 670 2484; x_wconf 80' lang='lat' dir='ltr'>leina</span> <span class='ocrx_word' id='word_1_324' title='bbox 676 2446 857 2491; x_wconf 77' lang='lat' dir='ltr'>tochugeHaltnng).</span> 
     </span>
     <span class='ocr_line' id='line_1_36' title="bbox 44 2499 858 2552; baseline 0.002 -13"><span class='ocrx_word' id='word_1_325' title='bbox 44 2499 75 2540; x_wconf 78' lang='lat' dir='ltr'>fiii·</span> <span class='ocrx_word' id='word_1_326' title='bbox 87 2505 120 2540; x_wconf 89' lang='lat' dir='ltr'>das</span> <span class='ocrx_word' id='word_1_327' title='bbox 132 2505 228 2549; x_wconf 84' lang='lat' dir='ltr'>politische</span> <span class='ocrx_word' id='word_1_328' title='bbox 235 2506 297 2541; x_wconf 88' lang='lat' dir='ltr'>Lehen</span> <span class='ocrx_word' id='word_1_329' title='bbox 305 2507 433 2543; x_wconf 82' lang='lat' dir='ltr'>welentlichen</span> <span class='ocrx_word' id='word_1_330' title='bbox 492 2509 509 2543; x_wconf 81' lang='lat'>5.</span> <span class='ocrx_word' id='word_1_331' title='bbox 521 2507 542 2541; x_wconf 79' lang='lat' dir='ltr'>ia</span> <span class='ocrx_word' id='word_1_332' title='bbox 547 2507 676 2552; x_wconf 74' lang='lat' dir='ltr'>potestatibus,</span> <span class='ocrx_word' id='word_1_333' title='bbox 688 2507 708 2541; x_wconf 93' lang='lat' dir='ltr'>in</span> <span class='ocrx_word' id='word_1_334' title='bbox 715 2506 817 2550; x_wconf 78' lang='lat' dir='ltr'>Ausuhung</span> <span class='ocrx_word' id='word_1_335' title='bbox 825 2506 858 2541; x_wconf 83' lang='lat' dir='ltr'>der</span> 
     </span>
     <span class='ocr_line' id='line_1_37' title="bbox 45 2561 859 2610; baseline 0.001 -12"><span class='ocrx_word' id='word_1_336' title='bbox 45 2561 187 2608; x_wconf 77' lang='lat' dir='ltr'>Eigenichaften</span> <span class='ocrx_word' id='word_1_337' title='bbox 199 2565 229 2610; x_wconf 88' lang='lat' dir='ltr'>ab,</span> <span class='ocrx_word' id='word_1_338' title='bbox 242 2576 271 2600; x_wconf 91' lang='lat' dir='ltr'>um</span> <span class='ocrx_word' id='word_1_339' title='bbox 283 2565 434 2610; x_wconf 75' lang='lat' dir='ltr'>zurErzahlung</span> <span class='ocrx_word' id='word_1_340' title='bbox 469 2566 596 2610; x_wconf 82' lang='lat' dir='ltr'>Amtsgewalt.</span> <span class='ocrx_word' id='word_1_341' title='bbox 615 2585 638 2591; x_wconf 98' lang='lat'><em>-</em></span> <span class='ocrx_word' id='word_1_342' title='bbox 657 2575 677 2599; x_wconf 84' lang='lat' dir='ltr'>eo</span> <span class='ocrx_word' id='word_1_343' title='bbox 695 2564 748 2599; x_wconf 83' lang='lat' dir='ltr'>modo</span> <span class='ocrx_word' id='word_1_344' title='bbox 768 2563 859 2608; x_wconf 66' lang='lat' dir='ltr'>cuilubet,</span> 
     </span>
     <span class='ocr_line' id='line_1_38' title="bbox 45 2621 858 2668; baseline 0 -11"><span class='ocrx_word' id='word_1_345' title='bbox 45 2621 103 2658; x_wconf 87' lang='lat' dir='ltr'>leiner</span> <span class='ocrx_word' id='word_1_346' title='bbox 126 2622 199 2668; x_wconf 85' lang='lat' dir='ltr'>Jugend</span> <span class='ocrx_word' id='word_1_347' title='bbox 218 2623 386 2668; x_wconf 81' lang='lat' dir='ltr'>auriickzugreifen.</span> <span class='ocrx_word' id='word_1_348' title='bbox 410 2643 433 2650; x_wconf 95' lang='lat'>-</span> <span class='ocrx_word' id='word_1_349' title='bbox 469 2624 585 2660; x_wconf 85' lang='lat' dir='ltr'>warinder</span> <span class='ocrx_word' id='word_1_350' title='bbox 596 2623 632 2659; x_wconf 85' lang='lat' dir='ltr'>Art</span> <span class='ocrx_word' id='word_1_351' title='bbox 644 2623 710 2667; x_wconf 82' lang='lat' dir='ltr'>thatig.</span> <span class='ocrx_word' id='word_1_352' title='bbox 726 2643 748 2647; x_wconf 98' lang='lat'><strong>—</strong></span> <span class='ocrx_word' id='word_1_353' title='bbox 764 2622 858 2666; x_wconf 76' lang='lat' dir='ltr'>ampliore,</span> 
     </span>
     <span class='ocr_line' id='line_1_39' title="bbox 45 2680 657 2727; baseline 0.007 -13"><span class='ocrx_word' id='word_1_354' title='bbox 45 2680 100 2725; x_wconf 83' lang='lat' dir='ltr'>altus,</span> <span class='ocrx_word' id='word_1_355' title='bbox 117 2682 261 2726; x_wconf 82' lang='lat' dir='ltr'>ansgewachsen.</span> <span class='ocrx_word' id='word_1_356' title='bbox 280 2701 303 2708; x_wconf 73' lang='lat'><strong>—</strong></span> <span class='ocrx_word' id='word_1_357' title='bbox 321 2683 353 2717; x_wconf 72' lang='lat' dir='ltr'>rabi</span> <span class='ocrx_word' id='word_1_358' title='bbox 365 2703 388 2707; x_wconf 98' lang='lat'><em>-</em></span> <span class='ocrx_word' id='word_1_359' title='bbox 397 2693 433 2727; x_wconf 80' lang='lat' dir='ltr'>pa·</span> <span class='ocrx_word' id='word_1_360' title='bbox 469 2682 551 2717; x_wconf 81' lang='lat' dir='ltr'>naulich</span> <span class='ocrx_word' id='word_1_361' title='bbox 559 2685 657 2727; x_wconf 71' lang='lat' dir='ltr'>potestate.</span> 
     </span>
     <span class='ocr_line' id='line_1_40' title="bbox 45 2738 859 2786; baseline 0.002 -14"><span class='ocrx_word' id='word_1_362' title='bbox 45 2738 92 2774; x_wconf 76' lang='lat' dir='ltr'>ticos</span> <span class='ocrx_word' id='word_1_363' title='bbox 102 2740 147 2784; x_wconf 79' lang='lat' dir='ltr'>fait,</span> <span class='ocrx_word' id='word_1_364' title='bbox 165 2740 228 2776; x_wconf 81' lang='lat' dir='ltr'>lobald</span> <span class='ocrx_word' id='word_1_365' title='bbox 240 2751 261 2776; x_wconf 85' lang='lat' dir='ltr'>er</span> <span class='ocrx_word' id='word_1_366' title='bbox 273 2740 325 2786; x_wconf 75' lang='lat' dir='ltr'>iahig</span> <span class='ocrx_word' id='word_1_367' title='bbox 337 2752 374 2778; x_wconf 84' lang='lat' dir='ltr'>war</span> <span class='ocrx_word' id='word_1_368' title='bbox 386 2752 433 2776; x_wconf 89' lang='lat' dir='ltr'>zum.</span> <span class='ocrx_word' id='word_1_369' title='bbox 493 2741 510 2775; x_wconf 81' lang='grc'>6.</span> <span class='ocrx_word' id='word_1_370' title='bbox 523 2740 548 2775; x_wconf 81' lang='lat' dir='ltr'>ad</span> <span class='ocrx_word' id='word_1_371' title='bbox 560 2741 581 2776; x_wconf 83' lang='lat' dir='ltr'>id</span> <span class='ocrx_word' id='word_1_372' title='bbox 593 2741 678 2784; x_wconf 79' lang='lat' dir='ltr'>locorum,</span> <span class='ocrx_word' id='word_1_373' title='bbox 689 2739 720 2775; x_wconf 86' lang='lat' dir='ltr'>bis</span> <span class='ocrx_word' id='word_1_374' title='bbox 728 2739 789 2783; x_wconf 86' lang='lat' dir='ltr'>dahin,</span> <span class='ocrx_word' id='word_1_375' title='bbox 801 2750 859 2775; x_wconf 80' lang='lat' dir='ltr'>noer</span> 
     </span>
     <span class='ocr_line' id='line_1_41' title="bbox 46 2797 860 2845; baseline 0.002 -13"><span class='ocrx_word' id='word_1_376' title='bbox 46 2815 68 2822; x_wconf 89' lang='lat'>—</span> <span class='ocrx_word' id='word_1_377' title='bbox 80 2798 175 2842; x_wconf 74' lang='lat' dir='ltr'>stipendiis</span> <span class='ocrx_word' id='word_1_378' title='bbox 183 2799 285 2842; x_wconf 72' lang='lat' dir='ltr'>faciundis,</span> <span class='ocrx_word' id='word_1_379' title='bbox 298 2800 386 2842; x_wconf 83' lang='lat' dir='ltr'>dadnrch,</span> <span class='ocrx_word' id='word_1_380' title='bbox 399 2798 434 2845; x_wconf 68' lang='lat' dir='ltr'>dab</span> <span class='ocrx_word' id='word_1_381' title='bbox 469 2800 494 2834; x_wconf 92' lang='lat' dir='ltr'>im</span> <span class='ocrx_word' id='word_1_382' title='bbox 514 2799 575 2835; x_wconf 89' lang='lat' dir='ltr'>Heere</span> <span class='ocrx_word' id='word_1_383' title='bbox 595 2800 627 2835; x_wconf 84' lang='lat' dir='ltr'>des</span> <span class='ocrx_word' id='word_1_384' title='bbox 646 2799 735 2834; x_wconf 86' lang='lat' dir='ltr'>Metellus</span> <span class='ocrx_word' id='word_1_385' title='bbox 755 2799 774 2832; x_wconf 94' lang='lat' dir='ltr'>in</span> <span class='ocrx_word' id='word_1_386' title='bbox 792 2797 860 2834; x_wconf 82' lang='lat' dir='ltr'>Afrika</span> 
     </span>
     <span class='ocr_line' id='line_1_42' title="bbox 45 2856 859 2902; baseline 0.004 -13"><span class='ocrx_word' id='word_1_387' title='bbox 45 2865 65 2889; x_wconf 94' lang='lat' dir='ltr'>er</span> <span class='ocrx_word' id='word_1_388' title='bbox 77 2856 169 2902; x_wconf 78' lang='lat' dir='ltr'>Feldziige</span> <span class='ocrx_word' id='word_1_389' title='bbox 187 2858 298 2894; x_wconf 84' lang='lat' dir='ltr'>mitmachte.</span> <span class='ocrx_word' id='word_1_390' title='bbox 323 2859 363 2893; x_wconf 90' lang='lat' dir='ltr'>Den</span> <span class='ocrx_word' id='word_1_391' title='bbox 376 2857 446 2900; x_wconf 55' lang='lat' dir='ltr'>erlten,</span> <span class='ocrx_word' id='word_1_392' title='bbox 470 2857 537 2892; x_wconf 86' lang='lat' dir='ltr'>diente.</span> <span class='ocrx_word' id='word_1_393' title='bbox 552 2877 572 2883; x_wconf 91' lang='lat'>-</span> <span class='ocrx_word' id='word_1_394' title='bbox 585 2857 676 2901; x_wconf 69' lang='lat' dir='ltr'>tollebar,</span> <span class='ocrx_word' id='word_1_395' title='bbox 689 2858 719 2892; x_wconf 87' lang='lat' dir='ltr'>cin</span> <span class='ocrx_word' id='word_1_396' title='bbox 728 2856 859 2892; x_wconf 81' lang='lat' dir='ltr'>Mannvonlo</span> 
     </span>
    </p>
   </div>
   <div class='ocr_carea' id='block_1_4' title="bbox 0 0 945 3089">
    <p class='ocr_par' dir='ltr' id='par_1_5' title="bbox 0 0 945 3089">
     <span class='ocr_line' id='line_1_43' title="bbox 0 0 945 3089; baseline 0 0"><span class='ocrx_word' id='word_1_397' title='bbox 0 0 945 3089; x_wconf 95' lang='lat' dir='ltr'> </span> 
     </span>
    </p>
   </div>
  </div>
 </body>
</html>
