1872 3089
275 119 304 146 DE
314 118 384 148 BELLO
393 118 527 148 luauarfflrro
537 119 554 148 G.
564 122 622 147 19—20.
808 110 836 152 25

57 217 147 257 seeundo
157 216 209 256 mari
218 216 284 270 prima
292 215 373 268 Cyrene
384 221 422 267 est,
433 217 512 257 oolonia
520 217 632 267 Theraeon,
643 229 668 256 ao
676 216 773 270 deinceps
784 218 837 257 duae

57 285 130 338 Syrtes
145 287 238 339 interque
254 299 289 327 eas
304 286 386 340 Leptis,
402 287 477 327 deinde
492 287 606 328 Philaenon
622 300 679 337 arae,
695 300 756 339 quem
770 287 837 328 looum

56 356 177 411 Aegyptum
191 370 265 397 vorsus
275 357 336 397 finem
345 358 418 411 imperi
427 358 519 398 habuere
531 357 717 411 Carthaginienses,
727 361 774 412 post
784 358 836 398 aliae

56 426 146 468 Punioae
156 429 224 468 urbes.
246 430 315 468 astera
324 429 369 468 looa
378 442 443 482 usque
455 429 481 468 ad
491 428 641 469 Mauretaniam
648 429 750 469 Numidae
760 431 837 469 tenent,
850 429 861 462 4

56 510 156 550 proxume
166 498 288 551 Hispaniam
297 498 366 538 Mauri
382 501 435 539 sunt.
466 512 527 551 super
537 499 656 539 Numidiam
666 498 765 540 Gaetulos
781 512 837 539 aooe-
850 501 860 532 5

56 567 122 620 pimus
137 569 212 622 partim
227 568 248 608 in
263 569 351 620 tuguriis
372 569 422 609 alios
438 569 534 609 inoultius
549 582 615 622 uagos
631 569 720 621 agitare,
740 572 786 623 post
801 569 860 609 eos6

56 637 169 691 Aethiopas
187 651 243 688 esse,
264 638 311 678 dein
328 639 374 679 looa
394 641 469 678 exusta
490 638 539 678 solis
558 639 671 678 ardoribus.
700 640 765 690 igitur
783 639 860 679 bello?

5 752 7 754 ,
56 708 178 760 Iugurthino
194 709 292 762 pleraque
308 723 336 750 ex
350 710 432 750 Punicis
448 709 523 762 oppida
538 712 560 749 et
574 709 619 749 finis
631 708 836 761 Carthaginiensium,

57 791 107 830 quos
122 779 240 818 novissume
251 779 371 830 habuerant,
386 779 473 833 populus
484 778 589 819 Romanus
605 793 643 832 per
652 779 786 831 magistratus
802 780 837 819 ad-

56 848 191 898 ministrabat,
207 847 341 889 Gaetulorum
356 862 432 902 magna
441 862 490 902 pars
501 851 522 888 et
532 849 633 889 Numidae
648 863 713 901 usque
724 851 750 890 ad
761 850 837 889 flumen

56 917 187 958 Muluooham
203 920 240 958 sub
250 919 353 971 Iugurtha
368 921 432 969 erant,
447 918 526 958 Mauris
536 919 629 959 omnibus
640 932 678 958 rex
693 919 787 960 Booohus
801 920 837 959 irn-

56 988 169 1041 peritabat,
185 992 268 1041 praeter
282 1001 356 1029 nomen
372 992 440 1029 cetera
460 989 544 1041 ignarus
559 989 630 1042 populi
645 988 731 1028 Romani
746 990 836 1042 itemque

56 1058 114 1097 nobis
130 1072 197 1111 neque
212 1059 265 1098 hello
283 1072 350 1112 neque
365 1072 416 1112 paee
437 1061 497 1098 antea
513 1059 612 1111 cognitus.
639 1060 665 1099 de
675 1059 745 1099 Afrioa
761 1060 836 1099 eteius
849 1062 860 1095 8

57 1128 128 1168 incolis
144 1129 170 1168 ad
185 1129 359 1169 neeessitudinem
373 1130 404 1169 r'ei
419 1129 469 1168 satis
485 1129 567 1168 dietum.
588 1155 589 1158 =

116 1198 228 1251 Postquam
244 1199 309 1238 diviso
324 1213 388 1252 regno
403 1199 468 1250 legati
482 1198 553 1238 Afiioa
575 1200 683 1239 decessere
699 1201 720 1238 et
734 1199 873 1251 Iugurtham

58 1272 127 1308 eontra
138 1268 231 1308 timorem
241 1269 303 1308 animi
313 1270 403 1323 praemia
414 1269 498 1308 seeleris
514 1270 612 1322 adeptum
622 1282 668 1308 sese
678 1269 742 1318 ridet,
758 1272 837 1309 eertum

57 1350 103 1377 esse
121 1340 189 1387 ratus⁷
211 1340 266 1391 quod
282 1353 309 1378 ex
325 1340 394 1379 amieis
410 1340 464 1392 apud
479 1338 611 1379 Numantiam
630 1343 746 1392 acceperat,
770 1341 837 1379 omnia

57 1407 134 1448 Romae
154 1409 236 1448 venalia
247 1423 307 1458 esse,
328 1410 388 1449 simul
403 1415 424 1449 et
439 1410 520 1448 illorum
535 1410 716 1462 pollicitationibus
732 1422 837 1459 accensus,

57 1490 108 1529 quos
126 1479 187 1532 paulo
205 1481 253 1518 ante
275 1475 400 1519 muneribus
415 1479 545 1531 expleverat,
566 1480 588 1518 in
610 1492 697 1530 regnum
712 1477 837 1519 Adherbalis

58 1546 146 1587 animum
157 1548 249 1589 intendit.
273 1548 318 1601 ipse
329 1562 375 1588 aoer
389 1549 505 1596 bellioosua
521 1554 542 1588 at
556 1549 574 1587 is
590 1562 650 1600 quem
659 1549 744 1601 petebat
754 1549 837 1602 quietus
849 1554 861 1586 2

58 1707 193 1743 Katabathmos
209 1708 247 1743 hin.
263 1728 286 1734 -
298 1709 376 1744 secando
394 1709 449 1751 orari,
509 1708 602 1752 11911111,
619 1707 671 1743 leitet
687 1708 734 1743 iiber
746 1719 829 1743 vonvon
842 1697 874 1743 der
909 1734 913 1738 -

58 1765 100 1800 dem
119 1766 198 1801 secando
217 1766 297 1810 flamine,
311 1767 448 1811 nachgeossdeu
484 1766 641 1811 geographilchen
673 1766 808 1810 Beschreibung
839 1777 874 1801 zur

58 1824 448 1868 hier==reouadamoraarmorianennman
484 1824 585 1859 Riiokkehr
598 1824 873 1869 zurhiltoriiehenErzahlnng.

59 1881 92 1917 der
100 1882 225 1918 Meereskulte
234 1883 385 1927 fugi-prima,
398 1886 448 1918 uam·
484 1881 507 1917 So
520 1883 557 1918 also
569 1882 643 1918 verbali
656 1893 675 1917 es
688 1882 723 1917 [ioh
739 1884 772 1918 mit
784 1883 819 1918 den
832 1874 874 1918 tirt-

58 1939 96 1975 lioh
108 1941 207 1976 westwarts
222 1952 258 1976 ron
271 1941 411 1978 Katahathmos.
424 1960 447 1965 —
482 1940 582 1976 liohkeiten
590 1940 671 1984 Afrikas,
684 1941 722 1976 und
730 1942 757 1976 als
765 1942 797 1976 der
809 1943 874 1986 iugur-

60 1998 163 2043 leroeoa,
185 1999 299 2044 griechisohe
318 1999 448 2034 Genetivform.
483 1999 741 2043 thiniloheKriegausbrach,
755 2000 875 2035 verualteten

59 2056 120 2092 Thera
138 2057 205 2101 gehtrt
220 2068 243 2091 zu
262 2057 295 2091 den
308 2055 409 2102 Oykladen.
425 2076 449 2081 —
484 2062 520 2092 eto
533 2077 556 2084 -
569 2057 681 2100 habaeroat,
698 2058 763 2093 hatten
781 2059 800 2092 in
816 2058 875 2093 Befitz

60 2114 148 2160 deinceps,
161 2115 202 2151 dem
209 2116 272 2150 Meere
281 2115 345 2151 weiter
353 2116 401 2151 naoh
409 2115 449 2150 11111-
485 2116 575 2151 erhalten.
600 2109 681 2151 iihnlich
699 2115 757 2152 ofters
773 2116 874 2160 possidere.

59 2173 139 2209 weltlioh
160 2174 188 2209 die
207 2172 262 2219 grope
284 2172 348 2217 Syrte,
370 2184 405 2208 von
426 2173 449 2208 da
484 2174 626 2216 -aooissama
640 2174 697 2209 durch
706 2174 740 2209 den
749 2177 766 2209 3.
774 2174 875 2219 punilohen

59 2231 124 2266 weiter
137 2232 170 2267 der
182 2231 238 2266 Knlte
256 2230 331 2276 entlaug
347 2231 375 2266 die
387 2231 449 2266 kleine
485 2231 548 2276 Krieg.

67 2289 128 2334 Syrte.
150 2308 174 2314 -
191 2288 267 2331 deinde,
286 2289 350 2324 weiter
367 2290 448 2325 oltwarts

59 2358 94 2382 von
107 2347 178 2392 Leptis,
191 2348 210 2382 in
224 2347 256 2382 der
267 2346 321 2382 Nare
334 2347 366 2382 der
379 2347 448 2392 grolien

60 2404 120 2449 Syrte.
137 2426 161 2431 -
169 2409 219 2449 post,
235 2405 284 2440 nooh
296 2406 358 2441 weiter
370 2406 402 2440 hin
414 2406 448 2441 olt-

60 2466 122 2501 uaris.
503 2452 591 2488 ala-21.
600 2455 617 2488 3.
631 2451 737 2494 Iugurthas
748 2452 821 2487 Einfall
831 2452 853 2487 in

83 2546 100 2580 4.
113 2548 182 2588 cetera,
199 2556 235 2579 von
248 2545 288 2580 dem
304 2546 391 2581 bltliohen
403 2548 450 2580 Ans·
583 2510 689 2546 Adherbals
701 2509 775 2546 Gellia·

59 2604 178 2648 gasssssplfflkl
191 2603 260 2648 cyrene
272 2614 305 2638 ³¹1³
319 2604 402 2640 Wssstllssh·
509 2614 541 2650 21).
556 2618 571 2650 1.
589 2618 654 2649 contra
665 2614 747 2649 timorem
765 2614 833 2659 aniani,
851 2615 892 2649 im-

486 2673 588 2716 Gegensatz
600 2684 623 2707 zu
634 2673 694 2707 leiner
706 2673 837 2716 Befrtrohtung.

508 2315 524 2348 8.
538 2313 563 2348 ad
575 2312 731 2355 uecessitudinem,
743 2313 806 2348 soweit
818 2314 875 2357 notig.

85 2697 101 2731 5.
114 2707 176 2741 saper,
188 2696 264 2741 ffidlhh,
276 2696 324 2731 nach
337 2697 372 2732 den
384 2697 451 2733 Hohen

63 2754 94 2790 des
113 2756 167 2791 Atlas
186 2755 225 2790 hin.
244 2775 266 2779 —
284 2754 383 2798 iiroaltias,
402 2756 451 2791 nooh
510 2756 527 2792 3.
541 2765 588 2798 ooor,
602 2754 704 2799 Gegenlatz
712 2765 735 2789 zu
744 2755 821 2799 parietas,
833 2755 877 2789 ruh-

60 2813 139 2857 weniger
150 2814 252 2850 kultiviert.
486 2813 521 2857 rig,
533 2813 631 2856 schneidig.
648 2832 671 2838 -
687 2823 738 2857 qoem
747 2813 830 2856 petebat,
846 2812 879 2847 auf
