1872 3089
80 54 81 57 Ἰ
92 70 120 112 20
377 76 394 105 o.
404 77 504 107 snunusri
514 77 580 107 ornan

92 177 173 228 teucrus
181 173 280 227 pertento
290 177 377 227 epostcs,
389 173 440 216 belli
449 173 522 226 spolio
528 175 643 229 moyctptoo
650 174 720 229 crupta
728 177 790 229 quoru
799 176 868 219 oratio

56 251 79 286 15
91 257 138 287 roco
148 256 184 286 oos
193 242 314 286 hortantur.
336 243 369 286 oet
381 244 509 297 imperatore
516 243 549 287 oet
563 244 674 288 militetur
686 245 785 297 *taracona
800 259 868 300 neque

58 322 80 356 17
92 315 178 357 acturus
188 326 255 367 cepae
270 327 346 367 corpus
357 327 371 356 c
380 313 438 357 uotis
449 314 521 357 oberit.
544 314 596 358 toec
611 316 666 369 ipso,
681 320 783 369 9199919,-
799 316 867 359 roboc-

93 398 139 427 ounr
153 397 198 426 urta
209 383 282 427 torrent
298 397 366 439 oporto,
382 384 491 444 11181Ῐ9119
500 398 532 427 rue
543 385 628 428 occutus
641 385 701 439 fatto
711 390 731 428 ot
740 382 777 429 ooo
786 386 868 429 seruire

92 455 161 507 rrroots
176 467 239 509 qurum
253 455 361 507 tntpcrcre
371 455 449 508 portu
464 454 526 497 estts‘.

56 530 80 566 21
150 525 261 579 Postquam
276 538 374 579 accepere
389 539 414 566 ea
429 526 529 575 homines,
545 525 621 579 'quibus
636 528 690 567 mala
705 528 785 568 abunde
801 527 868 568 omnia

91 600 156 646 erant,
171 597 208 636 sed
222 609 290 648 neque
304 608 338 635 res
353 608 420 648 neque
436 609 483 649 spes
499 596 551 635 hona
567 596 619 645 ulla,
638 597 718 636 tametsi
737 598 778 637 illis
799 598 867 650 quieta

91 680 173 707 movere
188 678 262 718 magna
277 678 356 705 merces
371 665 486 714 videbatur,
506 668 573 704 tamen
588 666 718 719 postulavere
728 667 827 720 plerique,
842 670 867 707 ut
927 680 929 683 ·

91 739 214 790 proponeret
224 749 276 788 quae
287 736 377 776 condicio
388 735 437 775 belli
447 737 505 785 foret,
520 748 571 788 quae
586 736 678 789 praemia
688 737 750 776 armis
764 740 866 790 peterent,

67 814 79 846 2
91 807 141 858 quid
150 807 225 858 ubique
238 806 282 858 opis
293 811 328 844 aut
343 806 387 858 spei
398 806 503 847 haberent.
534 813 577 844 tum
588 804 674 846 Catilina
684 806 776 859 polliceri
786 809 867 847 tabulas

90 888 161 926 novas,
170 875 341 929 proscriptionem
350 875 487 928 locupletium,
497 875 636 942 magistratus,
647 876 767 926 sacerdotia,
777 877 866 930 rapinas,

68 952 78 985 3
91 946 131 986 alia
147 943 228 995 omnia,
245 958 298 997 quae
312 945 389 985 bellum
404 948 467 997 atque
482 945 550 984 lubido
570 945 671 984 victorum
689 946 733 985 fert.
759 951 868 998 praeterea

91 1028 137 1055 esse
146 1016 168 1055 in
178 1015 278 1067 Hispania
293 1015 386 1054 citeriore
402 1014 506 1066 Pisonem,
526 1015 547 1054 in
562 1015 691 1055 Mauretania
711 1029 757 1055 cum
773 1017 865 1055 exercitu

90 1085 113 1125 P.
129 1084 211 1125 Sittium
226 1084 362 1133 Nucerinum,
383 1084 453 1124 consili
472 1085 503 1123 sui
518 1085 637 1138 participes3
653 1090 723 1138 petere
739 1087 866 1125 consulatum

92 1154 113 1197 O.
123 1155 240 1205 Antonium,
255 1168 315 1208 quem
332 1155 370 1193 sibi
385 1155 484 1206 collegam
495 1155 538 1194 fore
549 1158 647 1208 speraret,
659 1155 760 1195 hominem
775 1159 796 1195 et
810 1156 867 1195 farni-

91 1226 162 1265 liarem
180 1230 201 1264 et
220 1225 312 1264 omnibus
334 1225 518 1264 necessitudinibus
538 1225 706 1275 circumventum
734 1238 780 1265 oum
800 1238 823 1265 eo
842 1239 866 1265 se

66 1296 195 1335 tconsulem
209 1295 289 1334 initium
304 1294 381 1347 agundi
393 1295 499 1334 facturum.
530 1295 556 1335 ad
572 1296 609 1335 hcc
620 1296 733 1335 maledictis
748 1296 867 1350 increpabat

91 1366 156 1406 omnis
172 1367 245 1415 bonos,
264 1378 347 1404 suorum
362 1378 424 1404 unum
444 1378 544 1417 quemque
563 1365 668 1405 nominans
683 1366 777 1417 laudare,¹
799 1366 865 1406 admo-

16 1457 19 1463 ·
90 1437 153 1475 nebat
167 1436 229 1475 alium
245 1436 343 1488 egestatis
359 1435 421 1475 alium
437 1435 554 1488 cupiditatis
573 1448 630 1485 suae,
653 1436 762 1489 compluris
780 1436 866 1489 periculi

90 1509 126 1546 aut
136 1506 265 1557 ignominiae,
275 1505 349 1544 multos
359 1505 457 1545 uictoriae
466 1505 568 1556 Sullanae,
579 1506 652 1558 quibus
662 1518 687 1545 ea
697 1507 786 1558 praedae
794 1506 866 1546 iuerat.

56 1607 84 1643 die
108 1607 202 1652 politisclre
225 1607 285 1652 Lege,
309 1611 387 1651 terimus,
410 1607 442 1643 der
478 1606 529 1643 alten
538 1606 614 1643 Schuld-
623 1607 668 1642 oder
676 1606 810 1653 Plandhticher,
819 1607 866 1642 Her-

54 1666 176 1711 Augenbliolr.
194 1685 215 1691 -
232 1665 326 1710 periculo,
345 1666 381 1710 vgl.
398 1667 408 1710 ξ
425 1667 442 1701 8.
477 1664 555 1710 ltellung
569 1676 626 1701 neuer
639 1665 783 1711 Schuldbdcher,
796 1666 866 1701 1111191-

56 1727 84 1768 14,
97 1727 114 1761 3.
478 1724 525 1759 chen
541 1723 570 1759 die
582 1724 652 1759 Namen
668 1724 700 1760 der
712 1724 866 1760 Verlchwcrenen
906 1745 908 1748 -

80 1785 107 1820 17.
119 1782 164 1817 traco
181 1782 223 1826 tpsu
239 1792 298 1827 99919,
314 1782 382 1827 gerado
395 1781 442 1818 diet'e
478 1782 528 1817 nicht
545 1782 597 1818 mehr
615 1782 682 1818 [tehen.
703 1802 724 1807 —
745 1782 866 1827 locupletium.

54 1842 113 1886 Dinge
131 1841 168 1877 will
183 1840 213 1876 ich
229 1841 263 1875 mit
276 1840 323 1876 euch
335 1839 442 1878 ausfuhren.
477 1840 517 1876 Aul
540 1840 569 1876 die
588 1839 670 1875 Reichen
685 1850 723 1876 war
744 1849 763 1875 es
781 1840 811 1876 boi
830 1840 865 1875 den

54 1918 77 1926 -
97 1899 165 1934 9919191.
202 1898 286 1934 Obfchon
309 1899 376 1934 vorher
395 1898 443 1944 (vgl.
476 1899 631 1944 'Prolkriptionen
646 1899 755 1944 abgel'ehen,
774 1899 814 1934 weil
833 1898 866 1934 das

55 1960 84 2001 18,
91 1958 109 2001 3)
116 1968 151 1993 von
159 1957 200 1993 dein
207 1956 443 2001 Konl'ulatausgelchlollen
479 1958 580 2002 Vermogen
590 1956 622 1993 der
631 1957 745 1993 Gettchteten
753 1957 865 2001 eingezcgen

54 2016 90 2061 gab
103 2016 182 2052 Catilina
199 2016 228 2051 die
240 2015 333 2060 Hoffnung
347 2016 400 2052 nicht
412 2016 444 2052 auf
478 2017 546 2053 wurdc.

53 2075 84 2111 bei
99 2074 132 2110 der
149 2074 234 2110 naohlten
250 2074 305 2110 Wahl
324 2075 402 2119 gewahlt
420 2086 443 2110 zu
502 2074 657 2117 9119919999,
672 2073 720 2118 jetzt
732 2073 828 2111 Marokko.
842 2093 863 2098 —
928 2059 930 2063 ¹

54 2134 132 2170 werden.
151 2153 173 2159 -
192 2133 273 2176 animus,
298 2134 346 2169 mein
366 2133 441 2170 Inneres
478 2132 597 2177 Nucerinum,
615 2143 635 2168 er
647 2132 708 2168 ftihrte
720 2133 768 2168 scine
780 2132 865 2167 Abknnft

54 2208 77 2221 =
89 2192 125 2229 ich.
477 2191 511 2228 anf
525 2191 606 2227 Nuceria
627 2191 645 2226 in
663 2187 773 2235 Campanien
791 2190 864 2226 zurtiok.

77 2251 108 2287 21.
129 2254 144 2287 1
161 2250 234 2286 abunde
249 2252 312 2293 erent,
331 2249 376 2286 alles
393 2254 442 2295 mdg-
478 2248 864 2295 -991111119111999911199191999,3911111119-

53 2310 101 2346 liohe
117 2309 176 2345 Elend
192 2308 330 2344 hattenliein
347 2308 441 2345 1111119,-
477 2307 634 2344 uilleallerArt.
647 2307 758 2353 -oqurtdr',
771 2308 865 2344 hundelnd
929 2361 931 2364 ι

53 2378 112 2413 neque
123 2378 152 2403 res
164 2378 221 2412 nequo
232 2377 277 2412 spes,
290 2367 325 2411 vgl.
338 2369 367 2411 20,
381 2370 408 2404 13.
421 2388 434 2393 -
477 2368 598 2413 vorzugehen.

50 2425 441 2471 919999999911911191191911.-99999919
500 2428 517 2462 4.
530 2421 638 2470 cupiditatis
654 2436 703 2470 soce,
720 2436 743 2461 an
758 2425 807 2462 scine
823 2435 865 2469 per-

53 2484 100 2530 cett,
119 2485 147 2521 die
163 2485 277 2530 Bedingung,
295 2484 442 2529 Vorausletcung
476 2484 556 2520 lonliche
569 2484 723 2530 Begehrliohkeit,
739 2500 763 2513 =
779 2495 801 2520 an
815 2483 864 2519 leine

54 2544 86 2581 des
93 2544 178 2588 Krieges,
186 2544 232 2579 wird
240 2543 297 2579 durch
306 2542 336 2579 die
344 2542 441 2588 folgenden
476 2543 534 2588 uage,
546 2543 565 2578 in
577 2543 657 2579 welcher
670 2554 690 2579 er
704 2543 742 2579 dies
756 2542 800 2578 oder
810 2541 863 2586 J'enes

52 2603 163 2647 Fragelatze
176 2603 252 2638 erkl'a'rt.
265 2621 288 2627 ·—
301 2612 346 2646 quoe
355 2602 441 2647 proccuo
476 2601 567 2638 wiinlchte
584 2602 624 2647 (das
636 2602 675 2637 ihm
687 2601 745 2637 durch
759 2600 794 2636 den
806 2600 864 2645 Krieg
907 2600 909 2603 “

50 2664 133 2707 peterent
140 2662 218 2698 welches
227 2662 259 2697 der
267 2660 319 2697 Lohn
328 2661 358 2707 lei,
367 2661 401 2697 den
407 2664 441 2697 etc.
475 2660 550 2696 werden
560 2660 627 2705 sollte).
639 2680 661 2686 «
671 2659 757 2705 perterrti,
766 2659 801 2705 vgl.
810 2662 838 2695 20.
847 2661 863 2695 8.

52 2721 118 2765 ubique
130 2736 153 2749 =
165 2724 182 2755 et
194 2708 231 2758 tut.
358 2737 360 2742 ·
477 2739 498 2744 —
507 2718 622 2764 tprtomtur'ce,
631 2729 693 2764 wegen
701 2718 757 2755 lohon
766 2718 863 2754 erlittener

76 2781 93 2817 2.
105 2779 179 2815 tubulos
196 2789 263 2822 runos,
280 2779 389 2824 Vertilgung
408 2778 440 2815 der
475 2778 611 2822 Verurtcilung.
911 2769 916 2773 ’
