1872 3089
118 79 146 121 82
401 88 608 118 osannosmonrsnr

94 191 143 226 8ea
162 185 222 225 modo
241 185 341 225 exercitui
362 185 412 225 satis
431 198 533 240 superque
552 186 611 227 foret.
642 188 751 240 praeterea
772 187 896 226 oommeatuo

118 268 155 308 spe
176 255 268 309 amplior,
282 256 332 308 quia
347 255 458 306 Numidae,
482 256 543 296 siouti
562 256 656 309 plerique
676 256 697 296 in
717 268 771 296 nova
786 255 896 306 deditione,

94 325 184 366 aoffioia
197 325 333 366 intenderant.
364 327 455 366 ueterum
474 326 550 367 milites
570 327 669 379 religione
688 326 758 380 pluvia
776 326 842 379 magis
857 324 896 376 usi,

119 408 184 448 eaque
206 409 240 435 res
260 396 348 436 multum
366 396 438 436 animis
460 409 531 436 eorum
554 397 639 439 addidit.
671 410 718 436 nam
736 396 777 436 rati
796 409 843 436 sese
865 395 897 435 dis

118 465 266 506 immortalibus
286 478 348 506 ourae
367 479 420 506 esse.
451 466 525 507 deinde
545 469 628 520 postero
644 467 678 507 die
697 469 767 507 oontra
783 465 897 520 opinionem

85 542 107 574 10
119 535 234 588 Iugurthae
257 537 284 576 ad
303 536 389 576 Thalam
411 537 539 589 perveniunt,
573 537 680 590 oppidani,
704 537 739 589 qui
760 549 783 577 se
807 536 898 576 looorum

119 606 230 659 asperitate
243 606 332 646 munitos
348 606 484 657 crediderant,
499 619 574 659 magna
589 609 651 659 atque
666 606 748 647 insolita
763 618 786 645 re
801 605 896 658 perculsi,

85 679 109 715 76
120 675 183 715 nihilo
202 676 286 728 segnius
299 676 375 715 bellum
388 688 471 729 parare;
486 676 541 716 idem
556 677 621 716 nostri
637 677 711 717 faeere.
742 676 779 715 sed
794 688 833 715 rex
847 674 898 714 nihil

119 732 278 785 iam-*infertum
298 746 383 786 Metello
406 745 504 795 eredens,
529 745 603 799 qnippe
626 746 661 798 qui
684 745 760 796 omnia,
779 757 835 785 arma
855 745 898 785 tela

120 816 176 856 locos
191 817 292 869 tempora,
311 815 399 868 denique
421 817 516 856 naturam
530 816 596 869 ipsam
613 816 688 856 deteris
704 814 855 869 imperitantem
868 815 898 854 in-

121 886 199 926 dustria
213 886 301 936 vicerat,
320 898 366 925 oum
380 885 451 925 liberis
470 888 491 925 et
504 898 579 937 magna
594 889 653 939 parta
668 886 767 939 peouniae
782 898 810 925 ex
825 885 898 939 oppido

120 958 181 996 nootu
189 955 281 1008 profugit
290 968 357 1007 neque
371 957 443 1007 postea
458 955 480 995 in
494 955 536 995 ullo
551 955 595 995 looo
606 955 693 1008 amplius
708 968 747 995 uno
764 955 797 995 die
812 958 848 995 ant
858 968 898 995 una

98 1028 180 1066 2noote
195 1028 286 1065 moratus
302 1025 410 1065 simulabat
425 1037 471 1064 sese
490 1025 560 1078 negoti
575 1025 643 1077 gratia
661 1038 778 1079 properare.
808 1026 899 1065 ceterum

120 1095 256 1148 proditionem
271 1095 361 1144 timebat,
379 1107 440 1146 quam
454 1095 521 1135 vitare
539 1107 600 1147 posse
616 1095 722 1135 eeleritate
741 1096 836 1148 putabat3
847 1108 899 1134 nam

121 1166 171 1206 talia
192 1165 276 1206 oonsilia
293 1178 331 1218 per
350 1165 413 1205 otium
431 1167 452 1204 et
471 1178 499 1205 ex
517 1165 669 1219 opportunitate
684 1166 734 1219 oapi.
765 1167 787 1206 at
801 1165 898 1205 Metellus

121 1236 157 1275 nbi
176 1235 288 1289 oppidanos
311 1234 388 1288 proelio
406 1235 506 1284 intentos,
527 1235 588 1275 simul
609 1236 704 1288 oppidum
726 1237 747 1275 et
767 1235 862 1289 operibus
878 1239 899 1275 et

99 1306 167 1345 alono
182 1306 282 1345 munitum
297 1304 360 1354 videt,
380 1305 434 1344 vallo
450 1304 546 1356 fossaque
560 1305 640 1345 moenia
655 1305 794 1345 oiroumuenit.
825 1305 899 1345 deinde

123 1375 202 1415 duobus
217 1375 275 1415 iubet
289 1373 340 1414 loois
355 1387 383 1413 ex
398 1374 456 1426 eopia
470 1386 566 1414 maxume
581 1374 660 1414 idoneis
670 1374 822 1426 vineasagere,
838 1388 899 1427 agge-

122 1457 166 1484 rem
175 1445 243 1484 iaoere
259 1447 280 1484 et
296 1456 358 1496 snper
368 1456 467 1496 aggerem
476 1444 577 1497 impositis
596 1444 688 1484 turribus
706 1457 757 1498 opus
777 1446 798 1484 et
816 1444 900 1484 admini-

88 1570 112 1595 an
119 1558 147 1593 die
154 1557 217 1602 Stelle,
228 1557 298 1593 welche
305 1568 325 1593 er
332 1558 367 1593 den
374 1556 476 1593 Numidern
512 1561 542 1593 tur
554 1557 612 1602 solbit,
626 1557 654 1593 die
667 1558 697 1593 bei
709 1557 780 1593 andern
798 1544 902 1602 gegeniiher

87 1627 154 1652 uorans
163 1617 272 1652 bezeichnet
279 1616 338 1651 hatte.
347 1635 370 1641 —
384 1625 406 1649 eo
417 1615 476 1659 niodo,

87 1676 143 1711 sehon
156 1674 209 1711 diele.
221 1694 244 1700 -
256 1674 303 1709 satis
315 1684 410 1718 superque,
423 1674 477 1709 uber-

89 1746 156 1781 genug.

111 1795 128 1831 8.
140 1790 320 1833 iotaooodeolitiouo,
334 1790 351 1826 d.
363 1790 375 1825 i.
384 1790 478 1826 nnmittel·

88 1852 123 1887 bar
134 1851 183 1886 nach
195 1849 227 1884 der
239 1848 387 1892 Unterwerfung.
400 1867 423 1874 -
435 1847 476 1891 offi-

89 1909 119 1944 rio
130 1907 259 1949 intenderant,
276 1907 341 1941 hatten
357 1905 394 1941 fioh
408 1906 427 1941 in
444 1905 477 1941 der

88 1966 228 2011 Dienltleiltung
239 1965 359 2010 angeltrengt.

103 2023 129 2062 ’9.
141 2023 332 2066 aralium-eddidit,
342 2021 478 2058 erhohteihren

89 2085 130 2121 Mur
137 2084 185 2119 sehr.
194 2102 217 2107 —
223 2081 293 2125 deinde,
306 2091 342 2116 von
351 2080 375 2115 da
383 2081 406 2115 ah
415 2080 478 2116 weiter

89 2141 231 2179 marlehierend.

114 2203 142 2239 lo.
154 2200 236 2235 locorum
248 2198 352 2244 asperitate,
364 2198 400 2243 vgl.
413 2197 448 2244 52.
455 2218 478 2223 —

86 2259 173 2305 perculsi,
187 2258 272 2303 ohgleioh
284 2257 396 2293 erichreckt.
408 2276 431 2282 —
444 2256 477 2291 bel·

90 2317 213 2361 temperare,
230 2316 307 2352 maehen
318 2314 355 2350 lioh
367 2313 424 2359 fertig
436 2325 478 2350 zum

89 2375 164 2420 Kampf.

114 2491 144 2527 76.
159 2494 174 2528 1,
186 2490 283 2533 infectam,
299 2488 334 2523 wie
345 2488 430 2531 invictos,
448 2487 477 2522 ia-

511 1615 584 1651 lolohen
608 1615 769 1659 Sohwierigkeiten
795 1616 902 1660 unterliegt.

513 1693 536 1699 -
547 1673 648 1717 industrio,
660 1667 864 1710 Unerinlidliohkeit.-
877 1673 902 1709 si·

513 1732 599 1776 mutabat,
612 1742 644 1767 vor
655 1733 717 1768 [einen
725 1732 804 1778 Leuten,
816 1743 847 1767 um
854 1732 902 1768 selue

513 1790 584 1825 Furoht
596 1790 647 1825 nicht
662 1801 685 1825 zu
702 1794 795 1826 verraten.
807 1810 830 1815 —
841 1790 904 1835 nepoti

512 1858 577 1892 carisa,
592 1859 656 1892 wegen
672 1848 704 1883 des
716 1849 801 1893 Drangea
822 1848 855 1884 dor
868 1848 902 1884 Ge-

512 1905 588 1943 [chaire.

536 1968 553 2000 2.
566 1964 758 2009 ceteram-timebat,
772 1965 903 2009 Gegensatzzu

513 2021 620 2065 simulabam
633 2025 710 2056 ceteram
723 2021 760 2056 allo
773 2037 797 2051 =
809 2022 828 2057 in
841 2022 904 2057 Wirlr-

514 2080 596 2118 lichkeit,
609 2099 632 2105 -
646 2079 693 2115 tolio
708 2079 790 2124 coasilia,
808 2079 904 2116 folcherlei

514 2138 621 2183 Anichlage.
633 2157 657 2163 —
665 2148 701 2182 per
709 2138 771 2181 otiam,
783 2149 835 2175 wenn
841 2139 903 2174 niohts

513 2207 537 2231 zu
549 2196 596 2232 thnn
607 2196 639 2241 sei,
651 2199 669 2231 et
681 2206 703 2230 aa
712 2196 855 2240 opportunitate,
867 2196 904 2232 und

513 2265 567 2291 weun
587 2254 668 2290 daduroh
686 2253 766 2298 guntrigo
782 2254 904 2298 Gelegenheit
933 2295 934 2298 Ἴ

514 2312 561 2348 dazu
572 2312 654 2358 gegeben
666 2311 730 2347 werde.
739 2330 762 2337 -
767 2311 904 2356 proelioiatea-

514 2374 547 2415 tos,
560 2371 592 2406 anf
603 2372 657 2406 einen
670 2370 739 2415 Kampf
750 2370 820 2416 gefaJlt.

538 2431 554 2464 3.
573 2428 624 2464 iubet
643 2448 665 2454 -
687 2439 745 2473 opere.
769 2427 808 2464 Das
826 2428 904 2474 Subjekt

514 2487 562 2523 heim
574 2487 654 2522 Infinitiv
665 2486 720 2531 wird,
736 2498 763 2523 wo
776 2498 796 2523 es
809 2486 866 2522 leioht
880 2498 904 2522 zu

90 2552 196 2594 corruptas,
213 2557 250 2583 was
269 2546 321 2581 nicht
337 2546 440 2591 gelohehen
458 2545 479 2581 iu
515 2549 606 2590 erganzen
623 2544 654 2589 ih,
673 2545 768 2581 bisueilen
783 2545 904 2589 ausgelassen

89 2607 127 2643 und
139 2606 191 2642 nieht
202 2605 304 2650 geschehen
320 2605 374 2640 kann.
388 2624 410 2631 -
423 2605 478 2648 loros,
515 2604 549 2640 wie
557 2604 624 2639 vorher
629 2603 776 2647 posueratabat.
784 2603 904 2648 —earopioa

91 2666 120 2701 die
130 2664 225 2699 einzelnen
233 2663 437 2707 [ohwierigenPunkte‚
451 2662 479 2698 die
514 2661 563 2697 naoh
582 2661 633 2705 Lage
651 2661 690 2696 und
710 2660 860 2697 Besohaffenheit.
881 2680 904 2686 -

90 2723 127 2759 fich
139 2722 249 2758 aufleinem
261 2722 369 2758 Vormarloh
382 2722 443 2759 boten.
457 2740 480 2747 -
516 2729 572 2764 opus,
592 2719 621 2754 die
636 2718 855 2765 Belagerungsarheiten‚
872 2718 904 2754 ool-

90 2785 179 2817 uatarom
190 2780 255 2825 ipsam,
269 2781 297 2816 die
309 2779 429 2816 mensohliche
441 2779 479 2816 Na·
515 2778 615 2822 ministros,
633 2777 667 2823 die,
684 2777 753 2813 welche
765 2776 788 2813 ue
801 2777 904 2823 belorgten.
