1872 3089
113 106 139 148 16
396 115 413 162 n.
423 114 525 145 sannnsnn
535 116 603 145 cassin

56 202 57 205 ¹
87 211 173 267 erepni
187 211 356 254 rreelmbitnrnm.
380 225 433 266 qnae
448 225 495 254 erem
505 216 624 265 praecepta
640 212 740 266 parentis
761 212 802 255 enei
818 213 886 267 apit-

25 280 28 292 ¹
65 290 66 294 ’
111 295 166 334 rem,
188 281 305 336 Inpnrtlca,
324 282 383 324 horreo
399 282 492 325 onminm
513 294 564 337 qnos
579 285 637 326 terra
655 282 747 326 sustinet
768 283 885 326 sceleratis·

111 366 193 404 snnms,
214 356 330 405 corntempto
348 352 438 405 imperio
456 356 527 395 oostro
547 352 682 397 Masinissae
702 368 734 396 ine
753 357 848 407 nepotem
867 347 887 396 et

111 423 155 465 iam
165 423 191 465 ab
206 423 275 475 stirpe
289 422 370 465 socinm
385 427 448 477 atone
467 423 558 465 ariiicnm
569 423 647 477 papali
661 423 755 466 Romani
769 436 834 478 repno
843 424 886 477 for-

90 493 211 548 3tnnisqne
227 493 323 536 omriibns
338 493 425 547 enpalit.
456 496 518 548 atqne
534 506 579 549 epo,
596 498 674 547 patres
692 495 817 547 conscripti,
838 492 887 549 qno-

111 558 171 606 niam
185 577 208 607 eo
223 564 360 606 miseriarum
370 567 470 606 oentnrns
481 577 545 616 eram,
561 564 636 606 oellem
644 565 716 617 potins
727 565 751 608 ob
766 578 813 607 mea
823 577 887 619 qnam

112 633 136 677 ob
151 634 256 676 mcioram
266 647 359 676 neccaram
369 634 469 679 beneticia
477 646 538 687 posse
553 648 586 676 mc
596 647 609 675 a
619 634 678 677 cobis
689 634 795 678 annilinm
807 637 891 688 petere,¹

112 718 138 747 ac
148 696 245 747 masmine
256 703 327 746 deberi
337 704 391 746 racilii
402 704 501 757 berceticia
512 717 526 745 a
538 704 618 757 popolo
633 703 737 756 Romano,
754 705 829 759 qnibns
843 717 888 747 non

112 787 203 829 eperem5
216 774 331 817 seonnclnm
346 788 377 825 ea,
394 775 414 816 si
429 774 573 817 desideranda
588 778 656 826 orarit,
672 775 705 817 nti
720 774 795 818 ciebitis
809 779 886 817 nterer.

88 855 99 886 4
112 844 150 887 secl
159 844 258 897 qnorciam
265 857 347 896 param
357 847 450 896 tnta-per
465 857 488 886 se
498 845 545 897 ipso
555 844 655 897 probitas
670 848 706 896 est,
721 858 788 898 nepae
797 844 852 887 milii
863 845 888 886 in

112 927 178 956 mann
191 914 236 967 fnit
250 912 357 968 Iapnrtlca
373 913 443 967 qnalis
455 914 518 966 foret,
539 913 568 955 acl
583 926 625 956 cos
635 915 731 968 confnpi,
751 917 826 967 patres
842 928 889 957 cori·
904 939 905 942 =

112 984 195 1037 scripti,
212 983 294 1037 onibus,
315 984 371 1036 qnocl
388 983 441 1026 milii
456 983 605 1026 miserrnnmm
620 987 656 1035 est,
672 997 735 1038 copor
746 984 812 1036 prins
828 984 888 1026 oneri

90 1054 294 1108 sqmvmasm'esse.
315 1054 378 1097 ceteri
393 1066 452 1107 repes
467 1053 568 1097 antbello
583 1053 888 1100 oiotiinarnioitiamanobis
921 1042 923 1050 ’

113 1124 191 1177 recepti
201 1128 252 1167 snnt
263 1128 301 1167 ant
311 1125 336 1167 in
349 1125 395 1166 sais
406 1124 476 1167 tabiis
490 1124 554 1167 rebns
566 1124 686 1167 societatem
700 1128 793 1166 nostram
804 1124 888 1177 appeti·

113 1198 194 1238 oemmt.
224 1194 310 1248 fanniia
332 1199 408 1236 nostra
427 1208 473 1236 carn
492 1194 573 1247 popolo
588 1193 684 1236 Romano
707 1193 759 1236 bello
776 1191 889 1247 Cartbapi-

113 1265 186 1307 niensi
205 1265 323 1306 amicitiam
338 1264 437 1316 institnit,
454 1277 493 1318 qno
509 1268 601 1317 tempore
614 1264 684 1316 mapis
697 1263 750 1317 tides
765 1263 811 1306 eins
825 1266 889 1316 qnam

90 1341 101 1374 6
112 1335 202 1388 fortnna
210 1334 308 1386 petnncla
319 1337 371 1377 erat.
393 1347 482 1388 qnornm
488 1333 614 1388 propeniern
624 1346 666 1384 nos,
678 1337 755 1386 patres
767 1333 888 1387 conscripti,

113 1404 178 1447 nolite
193 1404 244 1457 poti
261 1417 293 1446 ine
311 1407 408 1456 nepotem
423 1403 556 1446 Masinissae
573 1403 658 1455 frastra
678 1416 692 1444 a
705 1402 763 1445 oobis
783 1401 890 1445 annilinm

103 1579 120 1613 2.
137 1588 177 1612 cane
193 1578 281 1622 aptiorem
286 1603 292 1620 ,
313 1577 336 1613 de
352 1577 383 1613 ich
397 1589 421 1613 zu
436 1578 465 1614 be·

63 1635 169 1680 ,olteebten
186 1636 262 1670 beminht
279 1646 323 1671 war.
344 1655 367 1661 -
386 1636 424 1671 iarn
444 1636 467 1671 ab

78 1694 140 1738 stirpe,
146 1694 318 1730 lohonvonGebnrt.
325 1694 420 1730 Adherbal
424 1694 467 1729 hebi

78 1751 151 1797 berver,
164 1752 198 1798 dall
208 1763 228 1787 er
234 1753 292 1788 durch
298 1752 398 1788 Erblnhnft
405 1753 425 1787 in
432 1752 467 1788 den

79 1810 185 1845 Ebrentitel
192 1811 253 1845 socias
261 1814 316 1855 atpne
324 1811 393 1845 airricus
402 1810 468 1855 papali

79 1867 160 1903 Romani
176 1869 290 1912 eingetreten
311 1869 342 1904 lei.
366 1868 417 1904 sinn
432 1869 466 1912 gab

79 1926 112 1962 der
128 1927 216 1962 rbmilche
232 1926 288 1962 Senot
304 1926 351 1962 (liele
367 1926 467 1962 Anszeieb·

79 1984 468 2029 nungauswaaigennnrnenundvolnern

80 2043 107 2077 als
114 2043 251 2088 Anerkennnng
264 2043 309 2079 oder
316 2042 467 2087 Aufmunterung,

80 2100 114 2137 dor
126 2101 227 2136 romischen
239 2101 299 2137 saone
311 2107 353 2137 tren
365 2112 388 2136 nu
399 2101 443 2137 sein.
459 2097 462 2101 ’

106 2173 123 2206 3.
133 2171 219 2215 qnoniam
226 2173 314 2205 eerntnrns
321 2181 376 2214 orani,
389 2170 429 2206 weil
437 2170 468 2206 ich

78 2229 164 2264 hommen
175 2228 232 2264 sollte.
257 2228 296 2263 Das
309 2229 376 2266 Portis.
388 2228 421 2264 fut.
433 2232 468 2264 aci

79 2286 124 2322 wind
136 2287 194 2322 litters
203 2287 309 2330 gebrauebt,
319 2298 350 2322 um
363 2287 395 2322 das
407 2288 425 2321 in
434 2286 469 2322 den

80 2344 222 2388 Verhbltnillen,
237 2345 257 2379 in
270 2344 311 2380 dem
323 2344 420 2380 Schieksal
431 2343 468 2379 Un-

79 2403 210 2440 abiinderliche
229 2414 252 2438 zu
269 2403 386 2439 bezeichnen.
404 2423 427 2428 —
445 2414 468 2439 ac

79 2472 170 2505 rimname,
187 2462 228 2498 eine
240 2461 350 2506 Steigernng
364 2461 396 2497 des
409 2461 468 2497 ersten

80 2520 182 2556 Wunschen
194 2519 255 2554 cellen
263 2519 334 2564 potins.
353 2520 390 2554 Das
396 2519 467 2564 Haupt-

80 2578 157 2622 gewicht
173 2578 205 2613 des
218 2578 296 2614 letztern
308 2577 354 2622 liegt
370 2578 389 2613 in
402 2578 467 2622 onibus

79 2646 117 2672 non
122 2636 323 2682 sperem—secandum
331 2647 359 2680 ea,
365 2637 384 2672 in
392 2636 467 2672 nweiter

79 2694 141 2740 Linie,
162 2695 208 2730 wird
229 2695 286 2731 durch
309 2695 326 2730 si
346 2694 469 2730 desideranda

79 2756 133 2788 erant
149 2754 220 2789 erklltrt
234 2753 271 2789 und
291 2753 336 2789 heht
356 2753 389 2788 das
405 2752 469 2798 onibus

80 2821 116 2846 non
128 2821 196 2857 sperem
212 2812 250 2857 eut,
263 2827 286 2841 =
298 2822 349 2848 wenn
362 2812 410 2847 denn
423 2811 469 2847 doch

503 1578 535 1613 cler
553 1577 595 1613 Fall
613 1577 706 1612 eintreten
724 1575 787 1620 sollte,
806 1575 841 1622 dap
859 1577 889 1612 ich

503 1636 562 1672 daven
571 1635 667 1671 Gebreucb
674 1635 752 1670 mannen
758 1633 806 1680 muti.
825 1634 891 1678 pnibns

501 1693 523 1729 in
535 1693 602 1738 Objekt
613 1704 637 1728 zu
649 1702 717 1738 sperem
728 1693 765 1728 und
776 1695 843 1730 nterer.

526 1788 542 1821 4.
552 1796 588 1830 per
600 1796 618 1820 se
630 1786 677 1830 ipsa,
690 1785 780 1821 lelblbfiir
788 1785 830 1829 licb,
843 1785 890 1822 ohne

503 1844 538 1879 den
557 1844 626 1892 Schutz
644 1844 728 1880 anderes.
753 1846 776 1869 '-
797 1842 889 1887 probitas,

503 1902 627 1946 Ehrlichkeit,
644 1902 678 1938 wie
690 1901 714 1937 lie
726 1900 821 1937 Adherbal
833 1911 890 1945 gegen

502 1961 595 2005 iugurtha
607 1960 669 2004 gellen
680 1959 722 2006 lietb.
735 1979 757 1986 —
769 1960 812 2004 fnit,
831 1960 891 2009 neben

503 2022 534 2062 est,
547 2018 591 2053 bebt
603 2018 638 2053 den
646 2018 741 2054 einzelnen
750 2019 890 2062 eingeeretenen

503 2077 546 2112 Fall
563 2068 631 2113 berner
647 2077 706 2112 neben
716 2076 755 2111 -der
771 2075 891 2121 allgemeinen

503 2135 616 2179 Erfahrnng,
629 2135 657 2170 die
665 2135 702 2170 fich
710 2134 759 2169 ench
766 2144 790 2169 an
796 2133 891 2169 Adherbal

503 2193 531 2228 als
549 2193 617 2237 richtig
635 2192 721 2233 erwielen
739 2192 777 2227 hat.
797 2210 817 2216 —
835 2201 891 2235 nepae

503 2250 548 2285 milii
563 2251 584 2285 in
599 2261 656 2285 nnana
672 2250 716 2294 ficit.
740 2247 792 2285 Nnch
811 2240 891 2284 der'Er·

503 2309 592 2354 mordnng
611 2308 643 2344 des
661 2307 757 2352 Hiempsal
775 2307 836 2354 mnjlte
854 2307 891 2342 Ad·

504 2367 568 2403 herbal
583 2366 617 2402 anf
629 2366 679 2413 alles⁸
691 2364 753 2411 gefeltt
769 2365 808 2402 lein
826 2366 892 2409 (daher

501 2422 563 2470 foret).
583 2444 606 2452 -
626 2425 647 2460 in
663 2430 722 2460 mann
734 2427 760 2459 est
772 2440 796 2454 =
808 2435 828 2460 es
839 2424 861 2459 in
873 2423 891 2458 in

504 2484 536 2519 der
549 2484 624 2519 Gewnlt.

526 2577 543 2613 5.
554 2576 608 2612 ceteri
615 2585 671 2622 repes,
683 2576 730 2626 lonlb
737 2575 811 2611 wurden
819 2569 895 2619 Konige'

503 2640 538 2671 eto,
551 2648 575 2660 —‘
582 2634 667 2679 potanda
680 2638 725 2679 erat,
738 2645 762 2669 nn
769 2633 837 2669 sncben
848 2643 891 2669 war.

505 2703 582 2738 pnornm
594 2710 618 2723 =
630 2697 652 2737 et,
665 2694 727 2737 itaque
740 2701 806 2735 eornm,
815 2691 853 2727 eut
862 2691 892 2735 fo-

504 2751 555 2787 milia
567 2751 651 2797 bezogen.
668 2771 691 2777 -
707 2750 817 2795 propeniern,
829 2750 891 2794 Appo-

505 2811 556 2846 lition
569 2821 592 2846 nu
599 2821 632 2855 ine,
644 2811 678 2846 wie
686 2812 768 2853 nepotem
775 2807 892 2844 Masinissae.
