1872 3089
113 135 141 176 70
395 140 413 169 c.
421 139 522 169 sunnusrr
533 139 601 168 cerem

112 241 153 280 iam
168 242 189 279 et
203 240 301 279 virtutem
316 238 403 278 militum
419 240 440 276 et
457 238 559 277 fortunam
574 238 705 290 temptatam;
725 239 798 276 eareat
812 250 838 276 ne
853 236 889 277 illo

88 312 221 350 2eunctante
243 308 345 348 Numidae
366 308 405 347 eibi
425 306 537 346 consulant.
568 306 599 345 his
620 307 683 359 atque
701 307 775 345 talibus
798 306 843 346 aliis
863 307 890 346 ad

89 379 237 419 3deditionem
263 379 319 430 regis
341 377 430 416 animum
447 376 539 429 impellit.
573 376 681 416 mittuntur
699 377 725 415 ad
745 376 890 429 imperatorem

112 449 185 501 legati,
208 448 243 501 qui
257 447 380 500 Iugurtham
397 447 498 499 imperata
512 446 614 486 facturum
630 447 722 486 dicerent
740 458 763 485 ac
784 446 827 485 sine
848 446 891 485 ulla

89 518 207 571 epactione
222 530 268 557 sese
283 528 411 569 regnumque
426 515 521 555 suumin
536 515 591 554 illius
606 515 668 555 fidem
684 516 770 572 tradere.
793 515 890 555 Metellus

112 601 200 641 propere
215 590 298 627 uunotos
314 585 410 626 senatorii
420 585 498 625 ordinis
513 599 541 625 ex
550 586 641 625 hibernis
652 586 730 626 accersi
742 585 805 636 iubet,
821 598 891 625 eorum

90 660 135 697 eet
150 657 245 706 aliorum,
265 670 316 708 quos
337 656 422 695 idoneos
442 656 541 704 ducebat,
561 655 667 695 consilium
687 656 755 695 hahet.
785 656 814 695 ita
834 669 890 695 more

112 728 212 767 maiorum
228 740 255 766 ex
271 726 342 766 consili
358 726 440 766 decreto
451 738 488 778 per
498 725 577 776 legatos
589 725 702 777 Iugurthae
712 726 800 778 imperat
810 726 891 777 argenti
918 735 923 744 ’

113 797 180 849 pondo
191 797 280 836 ducenta
295 796 356 845 milia,
372 795 492 847 elephantos
503 795 573 845 omnis,
590 808 688 847 equorum
703 799 724 835 et
739 808 841 835 armorum
856 796 891 835 ali-

91 870 101 903 6
115 868 219 918 quantum.
250 878 303 917 quae
317 868 425 918 postquam
441 865 484 903 sine
495 877 551 903 mora
566 864 620 903 facta
635 867 688 913 sunt,
703 865 760 905 iubet
771 866 835 904 omnis
846 878 892 917 per-

91 941 101 973 7
114 935 174 987 fugas
183 935 264 974 uinctos
275 934 354 974 adduci.
385 946 455 973 eorum
465 946 539 985 magna
549 946 603 987 pars,
613 934 643 973 uti
653 933 731 973 iussum
742 938 792 984 erat,
803 934 892 984 adducti,

114 1005 183 1057 pauci,
203 1005 352 1057 cumprimum
368 1004 444 1043 deditio
460 1003 533 1055 coepit,
549 1005 576 1043 ad
590 1017 661 1055 regem
677 1004 780 1043 Bocchum
798 1005 820 1044 in
835 1004 892 1044 Mau·

91 1074 214 1114 Sretaniam
224 1074 322 1113 abierant,
345 1074 408 1125 igitur
418 1073 525 1125 Iugurtha,
540 1073 575 1112 ubi
591 1073 652 1111 armis
662 1073 754 1125 virisque
770 1075 791 1112 et
805 1074 893 1127 pecunia
925 1071 932 1077 ’

116 1144 214 1197 spoliatus
224 1147 265 1192 est,
276 1156 322 1182 cum
336 1142 382 1195 ipse
396 1142 422 1182 ad
437 1143 578 1195 imperandum
589 1142 688 1181 Tisidium
698 1146 811 1194 vocaretur,
821 1156 892 1183 rursus

116 1214 183 1266 eoepit
197 1214 281 1253 flectere
292 1212 380 1251 animum
396 1204 455 1251 suum
470 1215 492 1252 et
507 1225 534 1251 ex
543 1212 598 1251 mala
608 1213 732 1252 couscientia
742 1213 804 1264 digna
813 1213 892 1252 timere.

93 1283 205 1334 adenique
222 1282 291 1321 multis
307 1281 379 1321 diehus
394 1294 432 1334 per
447 1281 598 1321 dubitationem
616 1283 751 1335 consumptis,
770 1296 815 1322 oum
833 1283 892 1322 modo

116 1352 184 1392 taedio
199 1364 268 1391 rerum
285 1352 418 1391 advorsarum
433 1352 500 1390 omnia
514 1351 568 1391 bello
582 1351 662 1404 potiora
677 1352 771 1402 duceret,
790 1352 893 1392 interdum

117 1436 187 1462 seeum
201 1422 246 1474 ipse
261 1423 368 1474 reputaret
383 1433 444 1473 quam
462 1421 532 1473 gravis
548 1434 608 1461 casus
623 1422 644 1460 in
659 1422 766 1461 servitium
786 1435 814 1461 ex
828 1434 893 1474 regno

116 1493 175 1540 foret,
190 1491 259 1531 multis
274 1491 395 1543 magnisque
410 1490 518 1543 praesidiis
531 1491 655 1544 nequiquam
670 1491 756 1543 perditis
772 1493 798 1531 de
812 1492 893 1543 integro

82 1563 193 1603 rotellum
208 1562 274 1602 sumit.
305 1563 326 1600 et
341 1560 419 1601 Romae
438 1563 521 1601 senatus
540 1562 566 1601 de
580 1562 691 1614 provinciis
707 1562 810 1602 consultus
825 1561 895 1601 Numi-

118 1634 172 1673 diam
187 1632 271 1672 Metello
287 1633 413 1671 decreverat.

82 1705 106 1741 63
176 1701 218 1741 Per
237 1701 291 1740 idem
314 1707 394 1754 tempus
415 1700 488 1742 Uticae
508 1701 561 1741 forte
582 1700 604 1742 Ο.
619 1702 685 1742 Mario
705 1715 742 1755 per
763 1703 840 1742 hostias
863 1702 894 1741 dis

106 1816 137 1852 62.
150 1818 167 1853 3.
179 1816 260 1860 trifidam
268 1814 373 1858 retrudere,
385 1814 471 1850 fichfrei-
508 1815 537 1851 die
549 1815 681 1851 Knechtfchaft
692 1826 725 1851 aus
739 1815 771 1851 der
782 1815 895 1852 HerrIohaft.

82 1874 139 1918 willig
156 1873 286 1910 unterwerfen.
314 1873 349 1907 Die
368 1872 470 1908 Gelandten
507 1893 530 1898 -
547 1874 611 1909 multis
630 1873 736 1918 muqriisque
752 1873 854 1918 praesidiis
872 1893 894 1899 -

82 1933 146 1968 hieten
167 1932 196 1966 die
213 1931 313 1975 freiwillige
329 1930 471 1975 Uuterwerfung
503 1932 592 1976 perditis,
604 1932 693 1967 nachdem
706 1943 726 1967 er
739 1932 769 1967 die
781 1933 842 1968 vielen
854 1943 896 1977 gro-
919 1937 921 1939 ’

84 2002 112 2035 an,
126 1990 184 2026 daher
197 1990 229 2025 das
242 1989 318 2024 Prilens
331 1988 409 2025 tradere.
432 1988 472 2024 Auf
506 1990 569 2025 Mitte]
576 1990 620 2034 (vgl.
629 1992 646 2027 5.
653 1991 677 2033 6.)
685 1991 772 2025 verloren
777 1991 833 2034 hatte,
840 1991 895 2026 nahm

83 2049 168 2093 dielelbe‚
180 2059 233 2084 uenn
245 2047 268 2083 fie
281 2056 412 2091 angenommen
420 2047 470 2092 wird,
507 2059 527 2083 er
539 2048 648 2093 gleichwohl
661 2048 696 2083 den
707 2049 764 2092 Krieg
779 2050 846 2085 wieder
857 2048 895 2084 aui.

83 2107 145 2152 fulgen
166 2106 195 2141 die
213 2106 291 2142 weitern
308 2104 393 2150 Belehle‚
415 2105 472 2141 daher
532 2110 560 2143 10.
573 2110 595 2150 et,
612 2107 739 2143 andererleits.
752 2127 773 2132 -
787 2107 895 2151 decreuerat,

82 2166 183 2210 facturum.
508 2165 539 2201 fiir
552 2166 581 2201 ein
593 2167 667 2202 zweites
679 2166 726 2202 Jahr
739 2165 795 2211 (108).

108 2237 125 2272 5.
137 2245 185 2270 ruore
197 2234 291 2277 iratorum,
304 2244 328 2269 zu
336 2244 358 2268 ea
370 2233 435 2269 correrii
443 2234 472 2269 de·
508 2247 594 2284 (ἦς’-65,
607 2247 680 2283 Marius
687 2248 776 2290 verlangg
781 2247 896 2291 Enflassung

84 2297 139 2331 creto.
166 2293 220 2328 Nach
243 2292 299 2327 altem
316 2292 391 2328 Branch
411 2292 474 2339 mujtte
509 2305 835 2349 pghufsqerssewerpungfflflas
843 2305 896 2341 ΚΜ.

84 2352 130 2388 uber
145 2351 182 2386 alle
192 2351 309 2394 wichtigeren
322 2351 382 2395 Dinge
395 2351 424 2386 die
436 2351 474 2386 An·
537 2364 593 2400 [Μ.
618 2363 707 2400 qepejme
718 2364 870 2407 mempungffl

84 2410 129 2446 ficht
136 2410 167 2445 des
174 2408 282 2453 Kriegsrats
294 2409 388 2452 eingeholt
394 2410 474 2445 werden.
620 2431 681 2466 gogo„
691 2421 787 2459 Meqeflus.

109 2482 126 2516 8.
138 2478 206 2525 initur,
225 2479 242 2514 so
259 2490 306 2522 nun;
326 2479 383 2515 daran
399 2479 473 2526 schliejlt
532 2481 563 2517 63.
577 2484 592 2516 1.
602 2480 774 2526 peridemtempas,
788 2482 813 2517 im
820 2481 898 2518 Verlauf

85 2538 120 2574 [ich
134 2537 241 2573 erlauternd
253 2537 286 2572 abi
302 2556 324 2562 -
341 2537 430 2581 spoliatus
442 2542 474 2574 est.
509 2539 542 2575 der
557 2539 659 2575 nimlichen
671 2539 723 2583 Zeit,
742 2540 761 2574 in
773 2541 852 2576 welcher
864 2542 897 2577 mit

85 2606 162 2632 —cum
177 2616 200 2622 -
215 2600 321 2640 uocaretur,
341 2596 370 2632 als
387 2608 407 2633 er
426 2597 473 2634 dazu
508 2598 597 2643 Iugurtha
618 2598 746 2635 unterhandelt
765 2599 833 2635 wurde.
860 2599 897 2635 Der

85 2655 134 2691 noch
145 2654 199 2690 selhlt
210 2655 287 2690 herufen
299 2656 366 2691 wurde.
378 2675 399 2680 —
409 2656 434 2690 ad
442 2656 474 2690 iru-
509 2656 610 2702 Zeitpunkt
628 2657 660 2693 des
672 2657 827 2693 Vorkorumnilses
844 2657 898 2693 ielblt

82 2712 196 2758 perandum,
213 2723 240 2749 wc
253 2714 291 2748 ihm
308 2714 337 2749 die
351 2715 428 2750 weitern
440 2715 474 2750 Be·
510 2715 532 2749 ilt
543 2715 595 2751 nicht
606 2726 686 2760 genauer
696 2716 819 2751 heltinrmt.—
829 2715 897 2761 Uticae,

85 2771 135 2807 fehle
147 2772 231 2816 zugehen
243 2772 313 2808 sollten.
510 2773 543 2808 der
552 2774 663 2818 Hauptltadt
671 2774 704 2809 der
712 2774 796 2819 Prorinn‚
808 2775 857 2810 nach
865 2775 897 2811 der

110 2831 126 2865 9.
140 2840 194 2865 ousiis
206 2830 334 2874 aeserunium,
347 2831 380 2866 der
392 2831 447 2866 Stura
455 2832 475 2867 in
510 2831 621 2876 Zerltdrung
632 2832 744 2876 Karthagos.
752 2851 773 2857 -
778 2843 814 2877 per
821 2833 897 2877 hostius,
