1872 3089
106 87 148 129 102
393 98 410 127 o.
420 98 521 128 succussu
531 98 600 128 cursui

106 198 196 246 temere,
216 195 246 235 uti
261 197 392 246 ascenderat,
415 197 452 237 sed
472 198 574 251 temptans
594 198 661 239 omnia
675 202 696 239 et
714 199 884 253 circumspiciens.

83 265 175 318 sitaque
188 265 277 307 Marium
291 280 379 321 propere
395 267 447 318 adit,
467 270 513 308 acta
529 268 610 319 edocet,
630 269 724 310 hortatur
739 270 764 310 ab
780 283 805 311 ea
820 272 885 325 parte,

104 349 148 390 qua
162 337 206 390 ipse
222 338 353 388 ascenderat,
375 338 483 378 castellum
497 340 593 392 temptet,
615 340 724 393 pollicetur
739 353 785 381 sese
805 338 899 381 itineris

83 419 94 452 7
106 407 231 461 periculique
248 408 325 448 ducem.
346 408 425 449 Marius
434 422 479 449 cum
486 409 564 463 Ligure
570 411 671 463 promissa
686 404 729 450 eius
742 411 845 464 cognitum
857 424 885 451 ex

107 479 250 531 praesentibus
257 479 322 529 misit;
339 491 424 532 quorum
431 480 462 519 uti
470 480 569 533 cuiusque
579 480 684 534 ingenium
696 483 745 531 erat,
756 481 785 522 ita
794 495 838 522 rem
849 481 886 521 dif-

106 548 182 588 ficilem
197 552 233 590 aut
251 549 332 589 facilem
350 549 476 590 nuntiavere.
506 550 595 591 eonsulis
614 552 693 592 animus
711 554 780 592 tamen
801 552 886 606 paulum

84 629 95 663 3
108 624 207 660 arrectus.
237 619 307 672 itaque
322 633 349 660 ex
365 620 422 673 copia
432 620 546 661 tubicinum
559 622 581 661 et
591 622 715 663 cornicinum
730 635 814 663 numero
830 624 887 675 quin-

105 703 148 743 que
163 703 223 742 quam
241 689 387 730 velocissumos
406 690 484 743 delegit
499 693 520 732 et
539 703 585 731 oum
606 692 635 731 eis
651 692 753 746 pracsidio
769 693 804 746 qui
818 693 886 733 forent

108 763 205 814 quattuor
226 760 362 811 centuriones,
381 761 488 814 omnisque
503 761 576 814 Liguri
586 775 659 816 parere
669 763 726 803 iubet
742 765 764 803 et
774 763 793 802 ei
802 763 886 816 negotio

72 839 96 875 91
108 844 231 885 proxumum
247 830 300 870 diem
311 830 422 871 constituit.
453 832 490 871 sed
500 832 536 872 ubi
551 845 579 872 ex
591 835 700 886 praecepto
716 835 797 886 tempus
812 834 885 884 visum,

108 901 185 954 paratis
196 901 354 954 compositisque
369 901 461 941 omnihus
472 903 499 942 ad
513 903 580 942 locum
593 903 667 955 pergit.
699 906 789 942 ceterum
799 903 835 953 illi,
851 902 886 955 qui

108 972 214 1012 ascensuri
229 973 292 1022 erant,
308 971 412 1025 praedocti
428 972 453 1011 ab
470 972 521 1012 duce
536 984 593 1012 arma
603 975 736 1024 ornatumque
749 974 886 1023 mutaverant,

109 1042 176 1095 capite
196 1044 258 1094 atque
277 1042 365 1094 pedibus
380 1041 452 1092 nudis,
470 1042 501 1082 uti
521 1044 643 1096 prosperius
661 1040 759 1095 nisusque
779 1056 816 1096 per
834 1055 886 1083 saxa

108 1112 188 1153 facilius
203 1112 264 1152 foret:
284 1125 346 1165 super
367 1114 426 1164 terga
444 1112 508 1164 gladii
524 1113 545 1152 et
560 1115 626 1163 scuta,
647 1126 718 1152 verum
738 1126 762 1153 ea
777 1113 886 1154 Numidica

109 1195 137 1222 ex
153 1182 219 1233 coriis,
234 1182 332 1235 ponderis
347 1182 414 1235 gratia
429 1182 490 1222 simul
505 1184 526 1222 et
536 1181 613 1222 offensa
628 1196 668 1235 quo
683 1182 750 1223 leuius
765 1185 886 1237 streperent.

85 1261 97 1294 2
109 1252 173 1305 igitur
188 1252 336 1306 praegrediens
347 1252 411 1305 Ligus
425 1265 476 1293 saxa
492 1254 513 1292 et
528 1252 545 1292 si
560 1265 613 1305 quae
624 1254 727 1292 vetustate
743 1253 823 1294 radices
839 1253 887 1293 emi-

108 1324 186 1362 nebant
200 1322 280 1375 laqueis
295 1322 404 1372 vinciebat,
420 1323 494 1375 quibus
504 1323 587 1363 allevati
603 1323 677 1362 milites
696 1323 775 1362 facilius
791 1324 887 1363 escende-

109 1394 162 1442 rent,
177 1392 281 1433 interdum
296 1391 378 1432 timidos
392 1391 502 1432 insolentia
516 1391 596 1431 itineris
611 1392 683 1433 levare
692 1404 760 1443 manu,
776 1393 812 1432 uhi
826 1393 887 1446 paulo

110 1462 202 1515 asperior
216 1474 313 1502 aseensus
330 1463 380 1512 erat,
396 1462 489 1514 singulos
504 1474 554 1516 prae
570 1475 592 1502 se
608 1462 692 1502 inermis
708 1463 795 1513 mittere,
812 1462 887 1502 deinde

109 1532 154 1585 ipse
170 1544 216 1572 cum
230 1531 312 1571 illorum
328 1531 390 1571 armis
405 1532 473 1584 sequi,
492 1545 545 1585 quae
561 1532 622 1572 dubia
636 1532 691 1572 nisui
711 1532 834 1572 videbantur
853 1545 887 1585 po-

109 1602 207 1642 tissumus
229 1603 329 1655 temptare
350 1614 374 1642 ae
394 1601 476 1655 saepius
496 1603 568 1642 eadem
583 1603 697 1643 ascendens
713 1603 887 1654 descendensque,

87 1673 159 1713 adein
176 1672 246 1712 statim
267 1672 395 1724 digrediens,
418 1672 494 1712 ceteris
520 1672 626 1712 audaciam
649 1673 732 1713 addere.
762 1672 826 1725 igitur
852 1672 888 1711 diu

110 1743 237 1795 multumque
256 1742 337 1794 fatigati
346 1742 430 1782 tandem
444 1742 466 1782 in
476 1742 584 1782 castellum
598 1742 727 1796 perveniunt,
743 1743 847 1783 desertum
862 1742 887 1781 ab

111 1825 136 1852 ea
145 1814 211 1866 parte,
227 1812 281 1864 quod
292 1825 361 1852 omnes
377 1811 430 1852 sicut
445 1812 491 1851 aliis
507 1812 579 1852 diebus
595 1813 705 1852 advorsum
715 1812 780 1852 hostis
796 1813 887 1851 aderant.

110 1882 190 1922 Marius
204 1881 240 1921 ubi
255 1894 283 1920 ex
300 1882 377 1921 nuntiis
396 1894 448 1933 quae
462 1881 527 1934 Ligus
548 1884 619 1934 egerat
640 1881 745 1934 cognouit,
765 1893 889 1934 quamquam

111 1954 154 1992 toto
175 1952 208 1991 die
229 1951 318 1991 intentos
337 1951 414 2005 proelio
434 1951 535 1992 Numidas
555 1951 662 2001 habuerat,
687 1953 729 1990 tum
749 1964 799 1991 vero
820 1951 888 1991 cohor·

112 2024 167 2062 tatus
182 2022 257 2061 milites
272 2021 352 2075 etipse
368 2022 428 2062 extra
437 2021 509 2062 vineas
520 2033 623 2073 egressus,
639 2020 743 2061 testudine
758 2023 804 2061 aeta
818 2032 889 2060 sucee-

112 2093 162 2132 dere
172 2093 193 2131 et
203 2091 266 2135 simul,
273 2091 353 2131 hostem
361 2092 467 2132 tormentis
476 2080 629 2144 sagittariisque
639 2097 661 2131 et
666 2090 803 2131 funditoribus
810 2090 889 2131 eminus

71 2219 73 2221 ’
100 2221 117 2254 7.
126 2217 225 2263 ingenium,
235 2216 264 2253 die
272 2217 388 2261 angehorene
396 2216 466 2253 Natur-
497 2216 618 2262 potissumus,
632 2217 660 2253 als
673 2227 702 2253 am
709 2216 784 2252 meilten
796 2216 889 2261 imltaude,

77 2275 256 2321 sigentdmlichheit,
273 2275 297 2310 oh
313 2275 364 2310 11111111
379 2274 424 2311 oder
435 2275 466 2311 he·
502 2275 559 2310 demit
570 2274 626 2319 lertig
638 2285 662 2310 zu
674 2274 783 2312 werden—
793 2277 889 2319 temptare,

77 2334 160 2378 dachtig3
174 2333 466 2378 „jedernarhlein‘ereigentuu-
501 2334 520 2369 in
532 2332 607 2378 Angriff
617 2333 700 2369 nehmeu.
708 2332 846 2378 —dc'predicaa
859 2332 892 2368 auf

77 2392 140 2429 lichen
152 2390 231 2428 11111111.α
501 2392 531 2429 dic
543 2391 593 2427 Seite
605 2390 738 2427 ausweichend.

101 2451 132 2486 94.
146 2453 161 2485 1.
174 2452 260 2492 ornatas,
282 2448 400 2485 militarilche
416 2449 465 2485 Klei·
525 2452 542 2485 3.
553 2449 633 2484 autentos
645 2449 716 2492 trabere,
729 2449 748 2483 in
756 2448 890 2484 Aufmerhlam-

42 2539 45 2546 .
78 2509 132 2554 dung.
140 2527 164 2534 —
176 2506 335 2552 capite-audis,
348 2508 410 2543 Ablat.
423 2519 465 2544 cou-
501 2508 540 2544 11111
552 2506 620 2543 halten.
636 2527 659 2533 -
676 2509 714 2543 toto
727 2506 762 2550 die,
775 2507 830 2543 sehon
841 2507 890 2543 wah-

77 2567 175 2604 seoutivus.
187 2585 210 2591 -
220 2565 302 2610 facilius,
313 2566 348 2610 vgl.
362 2569 389 2602 14.
402 2569 430 2605 11.
443 2587 465 2593 —
501 2565 548 2602 reud
560 2565 593 2602 des
604 2576 673 2610 ganzen
686 2565 752 2609 Tages.
760 2584 783 2590 -
795 2568 833 2600 tum
842 2575 890 2609 cero,

78 2625 154 2669 offensu,
167 2624 215 2660 beim
227 2624 324 2671 Anltojlen.
500 2624 549 2670 J'etzt
561 2624 610 2660 noeh
622 2625 680 2660 recht.
699 2641 722 2649 -
740 2623 831 2658 testardiae
848 2626 891 2658 acte

72 2700 75 2703 ·
102 2686 118 2718 2.
138 2686 237 2727 uetustate,
257 2682 327 2727 infolge
348 2682 380 2718 des
396 2683 467 2727 Altera,
503 2682 606 2726 succedere,
622 2692 642 2717 er
654 2681 690 2728 liejt
702 2684 755 2716 uuter
768 2681 808 2716 dem
821 2680 891 2716 Sehild-

78 2752 130 2778 weun
142 2741 166 2776 lie
174 2741 200 2775 alt
207 2741 285 2785 werden,
298 2741 377 2777 lehaffen
389 2741 425 2777 [ioh
437 2741 467 2777 die
504 2741 551 2777 dach
563 2752 587 2776 an
600 2741 629 2776 die
638 2741 714 2776 Manern
726 2740 859 2775 heranrucken.
868 2758 891 2765 —

75 2800 166 2836 Wurzeln
178 2810 212 2836 aus
226 2800 267 2836 dem
279 2800 351 2836 Geltcin
363 2799 435 2836 hervor.
444 2819 467 2826 -
503 2800 578 2842 emicas,
591 2799 637 2835 iiber
650 2799 679 2834 die
691 2797 763 2833 testudo
775 2808 820 2843 weg.
