1872 3089
116 78 144 119 98
402 86 420 115 o.
430 86 531 115 snnnusrr
540 86 609 114 cmsrr

116 184 197 224 nomine
208 183 280 237 (lapsa,
296 183 353 223 cuius
370 183 462 223 conditor
472 183 574 223 Hercules
584 183 649 237 Libys
664 183 820 224 memorabatur.
851 182 895 223 eius

117 254 172 294 cives
188 254 243 307 apud
253 252 375 305 Iugurtham
386 253 492 302 immunes,
507 253 549 311 levi
559 253 643 307 imperio
659 256 680 294 et
695 254 720 293 ob
736 265 761 293 ea
776 252 895 293 fidelissumi

116 325 251 373 habebantur,
267 323 339 363 muniti
349 324 460 363 advorsum
475 323 540 363 hostis
556 336 596 363 non
611 323 716 364 moenibus
732 324 791 363 modo
802 326 823 363 et
834 322 896 362 armis

93 396 177 446 batque
197 393 257 443 viris,
272 405 344 432 verum
360 392 422 432 etiam
437 392 500 432 multo
515 392 581 445 magis
596 393 686 433 locorum
702 392 818 446 asperitate.
849 404 895 432 nam

116 466 199 517 praeter
214 463 287 517 oppido
302 463 415 516 propinqua
430 462 470 502 alia
480 463 547 502 omnia
557 465 616 502 rasta
628 463 710 513 inculta,
726 462 809 515 egentia
824 475 895 515 aquae,

116 534 192 573 infesta
210 533 349 586 serpentibuS,
369 544 456 584 quarum
476 532 508 571 vis
528 532 589 571 sicuti
611 533 700 572 omnium
719 533 810 572 ferarum
827 532 896 586 inopia

118 604 157 644 cibi
173 604 244 644 acrior.
275 604 301 642 ad
316 603 354 642 hoo
369 605 443 642 natura
453 603 578 656 serpentium
593 602 638 656 ipsa
653 603 767 656 perniciosa
782 602 816 642 siti
830 602 895 656 magis

95 679 178 726 aquam
194 674 233 713 alia
251 686 274 712 re
290 673 413 712 accenditur.
445 673 489 711 eius
505 673 597 725 potiundi
608 673 696 712 Marium
711 685 807 713 maxuma
822 673 895 725 eupido

118 744 231 793 iura-serat,
254 756 299 782 eum
315 744 398 796 propter
418 755 478 781 usum
497 743 547 781 belli
567 744 611 781 tum
629 743 676 795 quia
696 755 729 781 res
749 755 822 796 aspera
840 742 896 782 vide-

118 815 178 854 batur
197 815 219 852 et
233 813 330 852 Metellus
352 812 447 865 oppidum
463 812 548 852 Thalam
564 825 639 865 magna
653 813 719 865 gloria
734 814 825 866 ceperat,
841 813 897 853 haud

119 883 244 922 dissimiliter
260 883 321 921 situm
331 882 478 933 munitumque,
494 882 533 920 nisi
549 883 603 933 quod
618 883 673 933 apud
684 882 769 921 Thalam
779 895 820 921 non
835 883 896 934 longe

119 952 246 992 amoenibus
262 951 339 1003 aliquot
354 950 420 990 fontes
436 953 504 1001 eraut,
528 950 643 1005 Capsenses
659 963 699 991 una
717 952 777 991 modo
793 953 855 1005 atque
871 965 896 993 ea

95 1024 173 1063 lintra
193 1022 289 1076 oppidum
304 1022 347 1074 iugi
363 1035 425 1074 aqua,
446 1024 515 1062 cetera
530 1023 600 1076 pluvia
615 1024 734 1073 utebantur;
754 1023 817 1076 idque
831 1023 860 1063 ibi
876 1030 897 1064 et

120 1094 141 1133 in
157 1093 210 1133 omni
225 1092 304 1142 Africa,
324 1104 365 1144 qua
379 1092 451 1144 procul
466 1105 478 1131 a
493 1092 545 1131 mari
560 1093 656 1133 incultius
672 1094 756 1146 agebat,
778 1107 802 1134 eo
817 1094 896 1134 facilius

119 1164 251 1213 tolerabatur,
267 1163 314 1216 quia
322 1162 423 1203 Numidae
438 1163 558 1216 plerumque
573 1164 627 1204 lacte
643 1167 664 1204 et
675 1164 741 1205 ferina
756 1177 817 1205 earne
827 1177 897 1204 resce-

119 1235 194 1274 bantur
209 1236 231 1273 et
245 1246 312 1286 neque
327 1233 391 1272 salem
406 1246 473 1285 neque
490 1233 529 1273 alia
543 1234 670 1274 irritamenta
684 1235 745 1287 gulae
762 1236 895 1287 quaerebant:

120 1305 177 1344 cibus
193 1304 233 1343 illis
249 1304 348 1343 advorsus
363 1304 437 1343 famem
452 1306 513 1356 atque
529 1304 588 1355 sitim,
604 1317 644 1344 non
655 1304 741 1344 lubidini
756 1318 822 1358 neque
837 1305 897 1345 luxu-

84 1377 109 1413 90
120 1375 163 1414 riae
179 1377 229 1414 erat.
259 1374 323 1426 igitur
338 1374 409 1413 consul
425 1374 517 1413 omnibus
528 1374 646 1427 exploratis,
663 1376 723 1415 credo
740 1375 770 1414 dis
786 1375 852 1415 fretus
869 1398 895 1404 -

119 1458 166 1484 nam
182 1447 253 1484 eontra
268 1447 335 1483 tantas
352 1444 482 1484 difficultates
498 1444 581 1484 consilio
597 1444 646 1484 satis
661 1445 772 1497 providere
786 1458 827 1485 non
842 1447 897 1499 pote·

119 1517 161 1563 rat,
183 1515 258 1567 quippe
277 1514 339 1553 etiam
359 1514 455 1553 frumenti
473 1514 541 1567 inopia
561 1515 707 1567 temptabatur,
729 1514 777 1567 quia
795 1514 897 1556 Numidae

119 1585 193 1638 pabulo
209 1584 288 1637 peeoris
303 1584 369 1636 magis
386 1597 446 1637 quam
462 1597 511 1623 arro
522 1585 605 1624 student
628 1588 649 1624 et
672 1585 812 1637 quodcumque
827 1587 898 1625 natum

119 1656 187 1695 fuerat
207 1655 265 1693 iussu
287 1654 343 1706 regis
364 1654 385 1693 in
400 1654 444 1694 loca
459 1654 537 1694 mnnita
555 1655 694 1705 contulerant,
710 1668 761 1707 ager
775 1657 844 1695 autem
860 1656 898 1695 ari-

121 1727 159 1765 dus
178 1729 198 1764 et
217 1726 300 1776 frugum
318 1737 396 1764 vacuus
417 1737 441 1764 ea
462 1726 596 1778 tempestate,
615 1738 662 1765 nam
683 1726 768 1765 aestatis
783 1727 898 1766 extremum

97 1798 166 1835 aera
183 1819 207 1823 —
225 1797 293 1834 tamen
308 1807 344 1847 pro
360 1794 391 1833 rei
410 1794 468 1847 eopia
488 1795 539 1835 satis
562 1795 696 1847 providenter
716 1798 814 1845 exornat,
835 1808 898 1849 pecus

122 1879 189 1914 omne,
213 1865 267 1916 quod
282 1864 420 1917 superioribus
437 1865 509 1904 diebus
524 1866 614 1918 praedae
632 1866 708 1915 fuerat,
724 1866 826 1917 equitibus
842 1866 898 1906 auxi-

86 1969 127 2011 tas,
149 1968 208 2004 durch
232 1968 261 2003 die
280 1967 341 2002 Mittel
366 1967 412 2002 aller
433 1969 474 2012 Art,
510 1967 591 2011 vglar.
604 1967 764 2012 3.-a'apa'aqoa,
778 1968 899 2011 Quellwasler.

86 2027 190 2062 Reiohtum.
206 2046 229 2052 -
246 2025 334 2060 Hercules
349 2024 414 2070 Libys.
439 2025 474 2061 Die
510 2025 899 2071 -cetera,namlicbaqao,ion[tbrauohten

85 2085 219 2129 Herkulcsiage
228 2084 372 2120 erltreoktelich
380 2084 425 2119 iiber
438 2084 474 2119 alle
510 2084 533 2120 [ie
546 2084 581 2128 (als
593 2084 672 2130 Walter)
687 2084 719 2120 das
731 2084 863 2130 Regenwalser.

85 2144 158 2179 Lander
167 2144 199 2179 des
208 2142 406 2178 Mittelmeerbeckens.
421 2142 474 2186 (Sau-
533 2142 590 2187 tid,
602 2143 660 2179 dieser
673 2143 758 2180 antand.
776 2163 798 2168 -
818 2153 864 2187 qzrae
876 2144 900 2172 '=

85 2203 115 2238 len
125 2202 156 2238 des
165 2201 271 2246 Herkules).
278 2201 400 2245 —immaaea
407 2201 474 2236 itener-
509 2201 562 2236 cuias
573 2201 649 2237 locatae.
662 2222 685 2227 -
697 2201 768 2247 agebar,
781 2201 836 2239 lebte.

85 2260 127 2296 frei.
140 2280 163 2285 —
174 2259 281 2302 fidelissumi
295 2259 411 2294 habebantur
423 2258 476 2303 aprici

85 2318 203 2363 Iopartbom,
215 2318 307 2362 Iugurtha
319 2318 371 2354 hatte
383 2328 407 2353 an
419 2317 475 2352 ihnen
534 2318 565 2354 90.
580 2320 595 2353 1.
611 2317 696 2361 corratio,
716 2317 817 2363 Gegensatz
832 2329 855 2354 zu
871 2318 901 2354 dia

87 2378 116 2414 die
125 2376 356 2421 treneltenUnterthanen,
369 2376 425 2420 obeo,
435 2376 476 2412 weil
510 2376 576 2421 fretur,
589 2377 652 2421 eigene
664 2377 750 2413 Einficht.
763 2396 784 2403 —
795 2377 899 2422 procidere,

86 2437 109 2472 fie
125 2435 220 2472 [teuerfrei
237 2435 275 2470 und
293 2436 312 2470 in
327 2435 403 2471 leiobter
419 2435 475 2470 Herr·
512 2435 602 2479 Vorsorge
622 2435 693 2471 treffen.
717 2455 740 2461 -
760 2435 848 2480 frameati
871 2436 899 2471 ia-

86 2495 145 2530 iobaft
157 2494 243 2539 gehalten
256 2494 335 2530 werden.
512 2494 557 2538 opio
562 2494 692 2538 temptabatur,
699 2493 716 2529 d.
723 2494 734 2529 i.
742 2493 901 2539 Getreidemangel

110 2556 127 2590 5.
137 2557 213 2597 praeter
229 2552 297 2597 oppido
308 2551 425 2596 propinqua,
442 2551 476 2586 mit
511 2555 549 2587 trat
560 2562 585 2587 an
597 2552 629 2587 ihu
647 2552 711 2587 heran.
724 2571 747 2578 -
763 2563 807 2588 arvo
820 2555 900 2596 (arare),

86 2611 193 2647 Ausnahme
212 2612 243 2647 der
263 2611 350 2647 nachaen
367 2609 476 2654 Umgebung
512 2609 624 2646 Arkerland.
637 2629 658 2635 -
669 2610 739 2654 fuerat,
755 2620 789 2645 vor
802 2610 843 2646 dem
855 2611 901 2646 Ein-

87 2670 120 2706 der
133 2669 192 2706 stadt.
205 2690 227 2695 —
239 2670 289 2714 ipso,
306 2680 329 2705 an
342 2668 379 2704 und
392 2668 421 2703 fur
433 2668 476 2706 ficu.
513 2668 588 2713 dringen
607 2668 639 2704 des
660 2668 762 2704 romischen
780 2668 857 2705 Heeres.
877 2688 900 2695 -

111 2730 127 2763 6.
137 2731 215 2772 propter
227 2729 285 2763 asam
297 2728 347 2771 belli,
365 2737 428 2772 wegen
444 2727 475 2762 des
511 2730 581 2770 notura,
594 2726 704 2771 gewacblen.
716 2746 738 2752 —
748 2736 785 2771 pro
801 2726 829 2762 ret
841 2726 901 2772 copia,

86 2786 167 2823 Vorteils
176 2785 206 2821 fur
216 2786 244 2821 die
250 2786 325 2822 weitere
332 2785 476 2830 Kriegfuhrung.
511 2785 559 2822 nach
571 2785 709 2823 Thunliehkeit.
723 2804 742 2811 -
756 2789 839 2830 exornat,
852 2785 901 2822 ohne
